    <!DOCTYPE html>
    <html lang="en">
    
    <head>
        <meta charset="UTF-8">
        <meta http-equiv="X-UA-Compatible" content="IE=edge">
        <meta name="viewport" content="width=device-width, initial-scale=1.0">
        <title>Amazon Product Page</title>
        <style>
            body {
                background-color: black;
                color: white;
            }
    
            .datetime {
                text-align: center;
                color: gray;
            }
    
            .date, .time {
                font-size: 48px;
            }
    
            .container {
                display: flex;
                flex-wrap: wrap;
                justify-content: center;
                align-items: center;
                min-height: calc(100vh - 7cm);
            }
    
            .product {
                width: calc(100% / 4);
                margin-bottom: 20px;
                text-align: center;
                border: 1px solid red;
                border-radius: 10px;
                overflow: hidden;
                padding: 10px;
                display: flex;
                flex-direction: column;
                background-color: black;
                color: white;
            }
    
            .product .content {
                height: 200px;
                overflow: hidden;
            }
    
            .product img {
                width: 100%;
                height: 200px; /* Ajuste la hauteur selon tes besoins */
                object-fit: cover; /* Ajuste l'image pour qu'elle remplisse le conteneur */
            }
    
            .product .description {
                margin-top: 10px;
            }
    
            .product .more-link {
                margin-top: 5px;
                cursor: pointer;
                color: blue;
            }
    
            .pagination {
                text-align: center;
                margin: 20px 0;
            }
    
            .pagination a {
                color: white;
                padding: 8px 16px;
                text-decoration: none;
                background-color: gray;
                margin: 0 4px;
                border-radius: 4px;
            }
    
            .pagination a:hover {
                background-color: #575757;
            }
    
            @media (min-width: 768px) and (max-width: 991px) {
                .product {
                    width: calc(100% / 3);
                }
            }
    
            @media (max-width: 767px) {
                .product {
                    width: 100%;
                }
            }
    
            /* Style pour le bouton flottant */
            .floating-button {
                position: fixed;
                bottom: 20px;
                right: 20px;
                background-color: red;
                color: white;
                border: none;
                border-radius: 50%;
                width: 60px;
                height: 60px;
                text-align: center;
                font-size: 18px;
                cursor: pointer;
                z-index: 1000;
                box-shadow: 0 4px 8px rgba(0, 0, 0, 0.2);
            }
        </style>
    </head>
    
    <body>
        <div class="datetime">
            <div class="date" id="comment"></div>
            <div class="date" id="date"></div>
            <div class="time" id="time"></div>
        </div>
    
        <div class="container">
          
            




<div class="product"><a href="https://www.amazon.com/dp/B0BZBTV7FM?tag=eloabder-20&linkCode=osi&th=1&psc=1"><img src="https://m.media-amazon.com/images/I/41rGR7+6sHL._SL500_.jpg" alt="Product Image"></a><p>Fly Fans for Tables, Fly Fan Indoor Outdoor with Holographic Blades, Batteries Powered Fly Fans Outdoor for Picnic, Party, Restaurant, Kitchen, and BBQ, 4 Pack</p><p>$29.99 ($7.50 / Count)</p><a href="https://www.amazon.com/dp/B0BZBTV7FM?tag=eloabder-20&linkCode=osi&th=1&psc=1">View Product</a></div>


<div class="product"><a href="https://www.amazon.com/dp/B0BZBTV7FM?tag=eloabder-20&linkCode=osi&th=1&psc=1"><img src="https://m.media-amazon.com/images/I/41rGR7+6sHL._SL500_.jpg" alt="Product Image"></a><p>Fly Fans for Tables, Fly Fan Indoor Outdoor with Holographic Blades, Batteries Powered Fly Fans Outdoor for Picnic, Party, Restaurant, Kitchen, and BBQ, 4 Pack</p><p>$29.99 ($7.50 / Count)</p><a href="https://www.amazon.com/dp/B0BZBTV7FM?tag=eloabder-20&linkCode=osi&th=1&psc=1">View Product</a></div>
<div class="product"><a href="https://www.amazon.com/dp/B01N6706BP?tag=eloabder-20&linkCode=osi&th=1&psc=1"><img src="https://m.media-amazon.com/images/I/51RI47QQRVL._SL500_.jpg" alt="Product Image"></a><p>Gardzen 3-Pack 72 Gallons Garden Bag - Reuseable Heavy Duty Gardening Bags, Lawn Pool Garden Leaf Waste Bag</p><p>$22.99 ($7.66 / Count)</p><a href="https://www.amazon.com/dp/B01N6706BP?tag=eloabder-20&linkCode=osi&th=1&psc=1">View Product</a></div><div class="product"><a href="https://www.amazon.com/dp/B07BR52P26?tag=eloabder-20&linkCode=osi&th=1&psc=1"><img src="https://m.media-amazon.com/images/I/41TsWY51fbL._SL500_.jpg" alt="Product Image"></a><p>SONKIR Soil pH Meter, MS02 3-in-1 Soil Moisture/Light/pH Tester Gardening Tool Kits for Plant Care, Great for Garden, Lawn, Farm, Indoor & Outdoor Use (Green)</p><p>$9.99</p><a href="https://www.amazon.com/dp/B07BR52P26?tag=eloabder-20&linkCode=osi&th=1&psc=1">View Product</a></div>


<div class="product"><a href="https://www.amazon.com/dp/B0BZBTV7FM?tag=eloabder-20&linkCode=osi&th=1&psc=1"><img src="https://m.media-amazon.com/images/I/41rGR7+6sHL._SL500_.jpg" alt="Product Image"></a><p>Fly Fans for Tables, Fly Fan Indoor Outdoor with Holographic Blades, Batteries Powered Fly Fans Outdoor for Picnic, Party, Restaurant, Kitchen, and BBQ, 4 Pack</p><p>$29.99 ($7.50 / Count)</p><a href="https://www.amazon.com/dp/B0BZBTV7FM?tag=eloabder-20&linkCode=osi&th=1&psc=1">View Product</a></div>
<div class="product"><a href="https://www.amazon.com/dp/B01N6706BP?tag=eloabder-20&linkCode=osi&th=1&psc=1"><img src="https://m.media-amazon.com/images/I/51RI47QQRVL._SL500_.jpg" alt="Product Image"></a><p>Gardzen 3-Pack 72 Gallons Garden Bag - Reuseable Heavy Duty Gardening Bags, Lawn Pool Garden Leaf Waste Bag</p><p>$22.99 ($7.66 / Count)</p><a href="https://www.amazon.com/dp/B01N6706BP?tag=eloabder-20&linkCode=osi&th=1&psc=1">View Product</a></div><div class="product"><a href="https://www.amazon.com/dp/B07BR52P26?tag=eloabder-20&linkCode=osi&th=1&psc=1"><img src="https://m.media-amazon.com/images/I/41TsWY51fbL._SL500_.jpg" alt="Product Image"></a><p>SONKIR Soil pH Meter, MS02 3-in-1 Soil Moisture/Light/pH Tester Gardening Tool Kits for Plant Care, Great for Garden, Lawn, Farm, Indoor & Outdoor Use (Green)</p><p>$9.99</p><a href="https://www.amazon.com/dp/B07BR52P26?tag=eloabder-20&linkCode=osi&th=1&psc=1">View Product</a></div>
<div class="product"><a href="https://www.amazon.com/dp/B09S7YL4QV?tag=eloabder-20&linkCode=osi&th=1&psc=1"><img src="https://m.media-amazon.com/images/I/51eFJ8Uv1xL._SL500_.jpg" alt="Product Image"></a><p>Burpee SuperSeed Seed Starting Tray | 36 Cell Reusable Seed Starter Tray | for Starting Vegetable, Flower & Herb Seeds | Indoor Grow Kit for Plant Seedlings | for Germination Success</p><p>$11.97</p><a href="https://www.amazon.com/dp/B09S7YL4QV?tag=eloabder-20&linkCode=osi&th=1&psc=1">View Product</a></div><div class="product"><a href="https://www.amazon.com/dp/B01MU394JM?tag=eloabder-20&linkCode=osi&th=1&psc=1"><img src="https://m.media-amazon.com/images/I/517TE2AFBZL._SL500_.jpg" alt="Product Image"></a><p>Miracle-Gro Shake 'N Feed Tomato, Fruit & Vegetable Plant Food, 1 lb.</p><p>$8.08 ($0.50 / Ounce)</p><a href="https://www.amazon.com/dp/B01MU394JM?tag=eloabder-20&linkCode=osi&th=1&psc=1">View Product</a></div>


<div class="product"><a href="https://www.amazon.com/dp/B0BZBTV7FM?tag=eloabder-20&linkCode=osi&th=1&psc=1"><img src="https://m.media-amazon.com/images/I/41rGR7+6sHL._SL500_.jpg" alt="Product Image"></a><p>Fly Fans for Tables, Fly Fan Indoor Outdoor with Holographic Blades, Batteries Powered Fly Fans Outdoor for Picnic, Party, Restaurant, Kitchen, and BBQ, 4 Pack</p><p>$29.99 ($7.50 / Count)</p><a href="https://www.amazon.com/dp/B0BZBTV7FM?tag=eloabder-20&linkCode=osi&th=1&psc=1">View Product</a></div>
<div class="product"><a href="https://www.amazon.com/dp/B01N6706BP?tag=eloabder-20&linkCode=osi&th=1&psc=1"><img src="https://m.media-amazon.com/images/I/51RI47QQRVL._SL500_.jpg" alt="Product Image"></a><p>Gardzen 3-Pack 72 Gallons Garden Bag - Reuseable Heavy Duty Gardening Bags, Lawn Pool Garden Leaf Waste Bag</p><p>$22.99 ($7.66 / Count)</p><a href="https://www.amazon.com/dp/B01N6706BP?tag=eloabder-20&linkCode=osi&th=1&psc=1">View Product</a></div><div class="product"><a href="https://www.amazon.com/dp/B07BR52P26?tag=eloabder-20&linkCode=osi&th=1&psc=1"><img src="https://m.media-amazon.com/images/I/41TsWY51fbL._SL500_.jpg" alt="Product Image"></a><p>SONKIR Soil pH Meter, MS02 3-in-1 Soil Moisture/Light/pH Tester Gardening Tool Kits for Plant Care, Great for Garden, Lawn, Farm, Indoor & Outdoor Use (Green)</p><p>$9.99</p><a href="https://www.amazon.com/dp/B07BR52P26?tag=eloabder-20&linkCode=osi&th=1&psc=1">View Product</a></div>
<div class="product"><a href="https://www.amazon.com/dp/B09S7YL4QV?tag=eloabder-20&linkCode=osi&th=1&psc=1"><img src="https://m.media-amazon.com/images/I/51eFJ8Uv1xL._SL500_.jpg" alt="Product Image"></a><p>Burpee SuperSeed Seed Starting Tray | 36 Cell Reusable Seed Starter Tray | for Starting Vegetable, Flower & Herb Seeds | Indoor Grow Kit for Plant Seedlings | for Germination Success</p><p>$11.97</p><a href="https://www.amazon.com/dp/B09S7YL4QV?tag=eloabder-20&linkCode=osi&th=1&psc=1">View Product</a></div><div class="product"><a href="https://www.amazon.com/dp/B01MU394JM?tag=eloabder-20&linkCode=osi&th=1&psc=1"><img src="https://m.media-amazon.com/images/I/517TE2AFBZL._SL500_.jpg" alt="Product Image"></a><p>Miracle-Gro Shake 'N Feed Tomato, Fruit & Vegetable Plant Food, 1 lb.</p><p>$8.08 ($0.50 / Ounce)</p><a href="https://www.amazon.com/dp/B01MU394JM?tag=eloabder-20&linkCode=osi&th=1&psc=1">View Product</a></div>
<div class="product"><a href="https://www.amazon.com/dp/B09SV8J649?tag=eloabder-20&linkCode=osi&th=1&psc=1"><img src="https://m.media-amazon.com/images/I/51G3IdGm9mL._SL500_.jpg" alt="Product Image"></a><p>Miracle-Gro Women's Nitrile Coated Grip Floral Pattern Gardening Work Gloves, Extreme Comfort, Excellent Grip, Water Resistant, Pink/Purple, Small, (MG37126/WSM)</p><p>$5.99</p><a href="https://www.amazon.com/dp/B09SV8J649?tag=eloabder-20&linkCode=osi&th=1&psc=1">View Product</a></div><div class="product"><a href="https://www.amazon.com/dp/B0BHZXPXW9?tag=eloabder-20&linkCode=osi&th=1&psc=1"><img src="https://m.media-amazon.com/images/I/51gioz5VnSL._SL500_.jpg" alt="Product Image"></a><p>MSUPSAV Gardening Gloves for Gardening,Synthetic Leather Garden Gloves,Work Gloves with Touch Screen,Best Gifts for Women,Green, Medium</p><p>$11.99</p><a href="https://www.amazon.com/dp/B0BHZXPXW9?tag=eloabder-20&linkCode=osi&th=1&psc=1">View Product</a></div><div class="product"><a href="https://www.amazon.com/dp/B0B5RFV1BK?tag=eloabder-20&linkCode=osi&th=1&psc=1"><img src="https://m.media-amazon.com/images/I/51bX+IeFx+L._SL500_.jpg" alt="Product Image"></a><p>MSUPSAV Genuine Leather Gardening Gloves,Thornproof & Puncture Resistant Garden Gloves,Gardening Gloves for Women,Long Garden Gloves,Rose Gloves,Garden Gifts(Small, Tuilp)</p><p>$15.99</p><a href="https://www.amazon.com/dp/B0B5RFV1BK?tag=eloabder-20&linkCode=osi&th=1&psc=1">View Product</a></div>


<div class="product"><a href="https://www.amazon.com/dp/B0BZBTV7FM?tag=eloabder-20&linkCode=osi&th=1&psc=1"><img src="https://m.media-amazon.com/images/I/41rGR7+6sHL._SL500_.jpg" alt="Product Image"></a><p>Fly Fans for Tables, Fly Fan Indoor Outdoor with Holographic Blades, Batteries Powered Fly Fans Outdoor for Picnic, Party, Restaurant, Kitchen, and BBQ, 4 Pack</p><p>$29.99 ($7.50 / Count)</p><a href="https://www.amazon.com/dp/B0BZBTV7FM?tag=eloabder-20&linkCode=osi&th=1&psc=1">View Product</a></div>
<div class="product"><a href="https://www.amazon.com/dp/B01N6706BP?tag=eloabder-20&linkCode=osi&th=1&psc=1"><img src="https://m.media-amazon.com/images/I/51RI47QQRVL._SL500_.jpg" alt="Product Image"></a><p>Gardzen 3-Pack 72 Gallons Garden Bag - Reuseable Heavy Duty Gardening Bags, Lawn Pool Garden Leaf Waste Bag</p><p>$22.99 ($7.66 / Count)</p><a href="https://www.amazon.com/dp/B01N6706BP?tag=eloabder-20&linkCode=osi&th=1&psc=1">View Product</a></div><div class="product"><a href="https://www.amazon.com/dp/B07BR52P26?tag=eloabder-20&linkCode=osi&th=1&psc=1"><img src="https://m.media-amazon.com/images/I/41TsWY51fbL._SL500_.jpg" alt="Product Image"></a><p>SONKIR Soil pH Meter, MS02 3-in-1 Soil Moisture/Light/pH Tester Gardening Tool Kits for Plant Care, Great for Garden, Lawn, Farm, Indoor & Outdoor Use (Green)</p><p>$9.99</p><a href="https://www.amazon.com/dp/B07BR52P26?tag=eloabder-20&linkCode=osi&th=1&psc=1">View Product</a></div>
<div class="product"><a href="https://www.amazon.com/dp/B09S7YL4QV?tag=eloabder-20&linkCode=osi&th=1&psc=1"><img src="https://m.media-amazon.com/images/I/51eFJ8Uv1xL._SL500_.jpg" alt="Product Image"></a><p>Burpee SuperSeed Seed Starting Tray | 36 Cell Reusable Seed Starter Tray | for Starting Vegetable, Flower & Herb Seeds | Indoor Grow Kit for Plant Seedlings | for Germination Success</p><p>$11.97</p><a href="https://www.amazon.com/dp/B09S7YL4QV?tag=eloabder-20&linkCode=osi&th=1&psc=1">View Product</a></div><div class="product"><a href="https://www.amazon.com/dp/B01MU394JM?tag=eloabder-20&linkCode=osi&th=1&psc=1"><img src="https://m.media-amazon.com/images/I/517TE2AFBZL._SL500_.jpg" alt="Product Image"></a><p>Miracle-Gro Shake 'N Feed Tomato, Fruit & Vegetable Plant Food, 1 lb.</p><p>$8.08 ($0.50 / Ounce)</p><a href="https://www.amazon.com/dp/B01MU394JM?tag=eloabder-20&linkCode=osi&th=1&psc=1">View Product</a></div>
<div class="product"><a href="https://www.amazon.com/dp/B09SV8J649?tag=eloabder-20&linkCode=osi&th=1&psc=1"><img src="https://m.media-amazon.com/images/I/51G3IdGm9mL._SL500_.jpg" alt="Product Image"></a><p>Miracle-Gro Women's Nitrile Coated Grip Floral Pattern Gardening Work Gloves, Extreme Comfort, Excellent Grip, Water Resistant, Pink/Purple, Small, (MG37126/WSM)</p><p>$5.99</p><a href="https://www.amazon.com/dp/B09SV8J649?tag=eloabder-20&linkCode=osi&th=1&psc=1">View Product</a></div><div class="product"><a href="https://www.amazon.com/dp/B0BHZXPXW9?tag=eloabder-20&linkCode=osi&th=1&psc=1"><img src="https://m.media-amazon.com/images/I/51gioz5VnSL._SL500_.jpg" alt="Product Image"></a><p>MSUPSAV Gardening Gloves for Gardening,Synthetic Leather Garden Gloves,Work Gloves with Touch Screen,Best Gifts for Women,Green, Medium</p><p>$11.99</p><a href="https://www.amazon.com/dp/B0BHZXPXW9?tag=eloabder-20&linkCode=osi&th=1&psc=1">View Product</a></div><div class="product"><a href="https://www.amazon.com/dp/B0B5RFV1BK?tag=eloabder-20&linkCode=osi&th=1&psc=1"><img src="https://m.media-amazon.com/images/I/51bX+IeFx+L._SL500_.jpg" alt="Product Image"></a><p>MSUPSAV Genuine Leather Gardening Gloves,Thornproof & Puncture Resistant Garden Gloves,Gardening Gloves for Women,Long Garden Gloves,Rose Gloves,Garden Gifts(Small, Tuilp)</p><p>$15.99</p><a href="https://www.amazon.com/dp/B0B5RFV1BK?tag=eloabder-20&linkCode=osi&th=1&psc=1">View Product</a></div>
<div class="product"><a href="https://www.amazon.com/dp/B0D149L1VC?tag=eloabder-20&linkCode=osi&th=1&psc=1"><img src="https://m.media-amazon.com/images/I/41RVIeji+QL._SL500_.jpg" alt="Product Image"></a><p>HLDD HANDLANDY Gardening Gloves Long Sleeve for Women and Men Leather Garden Gloves for Yard & Outdoor Work, Golden Yellow, XL</p><p>$15.98</p><a href="https://www.amazon.com/dp/B0D149L1VC?tag=eloabder-20&linkCode=osi&th=1&psc=1">View Product</a></div>


<div class="product"><a href="https://www.amazon.com/dp/B0BZBTV7FM?tag=eloabder-20&linkCode=osi&th=1&psc=1"><img src="https://m.media-amazon.com/images/I/41rGR7+6sHL._SL500_.jpg" alt="Product Image"></a><p>Fly Fans for Tables, Fly Fan Indoor Outdoor with Holographic Blades, Batteries Powered Fly Fans Outdoor for Picnic, Party, Restaurant, Kitchen, and BBQ, 4 Pack</p><p>$29.99 ($7.50 / Count)</p><a href="https://www.amazon.com/dp/B0BZBTV7FM?tag=eloabder-20&linkCode=osi&th=1&psc=1">View Product</a></div>
<div class="product"><a href="https://www.amazon.com/dp/B01N6706BP?tag=eloabder-20&linkCode=osi&th=1&psc=1"><img src="https://m.media-amazon.com/images/I/51RI47QQRVL._SL500_.jpg" alt="Product Image"></a><p>Gardzen 3-Pack 72 Gallons Garden Bag - Reuseable Heavy Duty Gardening Bags, Lawn Pool Garden Leaf Waste Bag</p><p>$22.99 ($7.66 / Count)</p><a href="https://www.amazon.com/dp/B01N6706BP?tag=eloabder-20&linkCode=osi&th=1&psc=1">View Product</a></div><div class="product"><a href="https://www.amazon.com/dp/B07BR52P26?tag=eloabder-20&linkCode=osi&th=1&psc=1"><img src="https://m.media-amazon.com/images/I/41TsWY51fbL._SL500_.jpg" alt="Product Image"></a><p>SONKIR Soil pH Meter, MS02 3-in-1 Soil Moisture/Light/pH Tester Gardening Tool Kits for Plant Care, Great for Garden, Lawn, Farm, Indoor & Outdoor Use (Green)</p><p>$9.99</p><a href="https://www.amazon.com/dp/B07BR52P26?tag=eloabder-20&linkCode=osi&th=1&psc=1">View Product</a></div>
<div class="product"><a href="https://www.amazon.com/dp/B09S7YL4QV?tag=eloabder-20&linkCode=osi&th=1&psc=1"><img src="https://m.media-amazon.com/images/I/51eFJ8Uv1xL._SL500_.jpg" alt="Product Image"></a><p>Burpee SuperSeed Seed Starting Tray | 36 Cell Reusable Seed Starter Tray | for Starting Vegetable, Flower & Herb Seeds | Indoor Grow Kit for Plant Seedlings | for Germination Success</p><p>$11.97</p><a href="https://www.amazon.com/dp/B09S7YL4QV?tag=eloabder-20&linkCode=osi&th=1&psc=1">View Product</a></div><div class="product"><a href="https://www.amazon.com/dp/B01MU394JM?tag=eloabder-20&linkCode=osi&th=1&psc=1"><img src="https://m.media-amazon.com/images/I/517TE2AFBZL._SL500_.jpg" alt="Product Image"></a><p>Miracle-Gro Shake 'N Feed Tomato, Fruit & Vegetable Plant Food, 1 lb.</p><p>$8.08 ($0.50 / Ounce)</p><a href="https://www.amazon.com/dp/B01MU394JM?tag=eloabder-20&linkCode=osi&th=1&psc=1">View Product</a></div>
<div class="product"><a href="https://www.amazon.com/dp/B09SV8J649?tag=eloabder-20&linkCode=osi&th=1&psc=1"><img src="https://m.media-amazon.com/images/I/51G3IdGm9mL._SL500_.jpg" alt="Product Image"></a><p>Miracle-Gro Women's Nitrile Coated Grip Floral Pattern Gardening Work Gloves, Extreme Comfort, Excellent Grip, Water Resistant, Pink/Purple, Small, (MG37126/WSM)</p><p>$5.99</p><a href="https://www.amazon.com/dp/B09SV8J649?tag=eloabder-20&linkCode=osi&th=1&psc=1">View Product</a></div><div class="product"><a href="https://www.amazon.com/dp/B0BHZXPXW9?tag=eloabder-20&linkCode=osi&th=1&psc=1"><img src="https://m.media-amazon.com/images/I/51gioz5VnSL._SL500_.jpg" alt="Product Image"></a><p>MSUPSAV Gardening Gloves for Gardening,Synthetic Leather Garden Gloves,Work Gloves with Touch Screen,Best Gifts for Women,Green, Medium</p><p>$11.99</p><a href="https://www.amazon.com/dp/B0BHZXPXW9?tag=eloabder-20&linkCode=osi&th=1&psc=1">View Product</a></div><div class="product"><a href="https://www.amazon.com/dp/B0B5RFV1BK?tag=eloabder-20&linkCode=osi&th=1&psc=1"><img src="https://m.media-amazon.com/images/I/51bX+IeFx+L._SL500_.jpg" alt="Product Image"></a><p>MSUPSAV Genuine Leather Gardening Gloves,Thornproof & Puncture Resistant Garden Gloves,Gardening Gloves for Women,Long Garden Gloves,Rose Gloves,Garden Gifts(Small, Tuilp)</p><p>$15.99</p><a href="https://www.amazon.com/dp/B0B5RFV1BK?tag=eloabder-20&linkCode=osi&th=1&psc=1">View Product</a></div>
<div class="product"><a href="https://www.amazon.com/dp/B0D149L1VC?tag=eloabder-20&linkCode=osi&th=1&psc=1"><img src="https://m.media-amazon.com/images/I/41RVIeji+QL._SL500_.jpg" alt="Product Image"></a><p>HLDD HANDLANDY Gardening Gloves Long Sleeve for Women and Men Leather Garden Gloves for Yard & Outdoor Work, Golden Yellow, XL</p><p>$15.98</p><a href="https://www.amazon.com/dp/B0D149L1VC?tag=eloabder-20&linkCode=osi&th=1&psc=1">View Product</a></div>



<div class="product"><a href="https://www.amazon.com/dp/B0BZBTV7FM?tag=eloabder-20&linkCode=osi&th=1&psc=1"><img src="https://m.media-amazon.com/images/I/41rGR7+6sHL._SL500_.jpg" alt="Product Image"></a><p>Fly Fans for Tables, Fly Fan Indoor Outdoor with Holographic Blades, Batteries Powered Fly Fans Outdoor for Picnic, Party, Restaurant, Kitchen, and BBQ, 4 Pack</p><p>$29.99 ($7.50 / Count)</p><a href="https://www.amazon.com/dp/B0BZBTV7FM?tag=eloabder-20&linkCode=osi&th=1&psc=1">View Product</a></div>
<div class="product"><a href="https://www.amazon.com/dp/B01N6706BP?tag=eloabder-20&linkCode=osi&th=1&psc=1"><img src="https://m.media-amazon.com/images/I/51RI47QQRVL._SL500_.jpg" alt="Product Image"></a><p>Gardzen 3-Pack 72 Gallons Garden Bag - Reuseable Heavy Duty Gardening Bags, Lawn Pool Garden Leaf Waste Bag</p><p>$22.99 ($7.66 / Count)</p><a href="https://www.amazon.com/dp/B01N6706BP?tag=eloabder-20&linkCode=osi&th=1&psc=1">View Product</a></div><div class="product"><a href="https://www.amazon.com/dp/B07BR52P26?tag=eloabder-20&linkCode=osi&th=1&psc=1"><img src="https://m.media-amazon.com/images/I/41TsWY51fbL._SL500_.jpg" alt="Product Image"></a><p>SONKIR Soil pH Meter, MS02 3-in-1 Soil Moisture/Light/pH Tester Gardening Tool Kits for Plant Care, Great for Garden, Lawn, Farm, Indoor & Outdoor Use (Green)</p><p>$9.99</p><a href="https://www.amazon.com/dp/B07BR52P26?tag=eloabder-20&linkCode=osi&th=1&psc=1">View Product</a></div>
<div class="product"><a href="https://www.amazon.com/dp/B09S7YL4QV?tag=eloabder-20&linkCode=osi&th=1&psc=1"><img src="https://m.media-amazon.com/images/I/51eFJ8Uv1xL._SL500_.jpg" alt="Product Image"></a><p>Burpee SuperSeed Seed Starting Tray | 36 Cell Reusable Seed Starter Tray | for Starting Vegetable, Flower & Herb Seeds | Indoor Grow Kit for Plant Seedlings | for Germination Success</p><p>$11.97</p><a href="https://www.amazon.com/dp/B09S7YL4QV?tag=eloabder-20&linkCode=osi&th=1&psc=1">View Product</a></div><div class="product"><a href="https://www.amazon.com/dp/B01MU394JM?tag=eloabder-20&linkCode=osi&th=1&psc=1"><img src="https://m.media-amazon.com/images/I/517TE2AFBZL._SL500_.jpg" alt="Product Image"></a><p>Miracle-Gro Shake 'N Feed Tomato, Fruit & Vegetable Plant Food, 1 lb.</p><p>$8.08 ($0.50 / Ounce)</p><a href="https://www.amazon.com/dp/B01MU394JM?tag=eloabder-20&linkCode=osi&th=1&psc=1">View Product</a></div>
<div class="product"><a href="https://www.amazon.com/dp/B09SV8J649?tag=eloabder-20&linkCode=osi&th=1&psc=1"><img src="https://m.media-amazon.com/images/I/51G3IdGm9mL._SL500_.jpg" alt="Product Image"></a><p>Miracle-Gro Women's Nitrile Coated Grip Floral Pattern Gardening Work Gloves, Extreme Comfort, Excellent Grip, Water Resistant, Pink/Purple, Small, (MG37126/WSM)</p><p>$5.99</p><a href="https://www.amazon.com/dp/B09SV8J649?tag=eloabder-20&linkCode=osi&th=1&psc=1">View Product</a></div><div class="product"><a href="https://www.amazon.com/dp/B0BHZXPXW9?tag=eloabder-20&linkCode=osi&th=1&psc=1"><img src="https://m.media-amazon.com/images/I/51gioz5VnSL._SL500_.jpg" alt="Product Image"></a><p>MSUPSAV Gardening Gloves for Gardening,Synthetic Leather Garden Gloves,Work Gloves with Touch Screen,Best Gifts for Women,Green, Medium</p><p>$11.99</p><a href="https://www.amazon.com/dp/B0BHZXPXW9?tag=eloabder-20&linkCode=osi&th=1&psc=1">View Product</a></div><div class="product"><a href="https://www.amazon.com/dp/B0B5RFV1BK?tag=eloabder-20&linkCode=osi&th=1&psc=1"><img src="https://m.media-amazon.com/images/I/51bX+IeFx+L._SL500_.jpg" alt="Product Image"></a><p>MSUPSAV Genuine Leather Gardening Gloves,Thornproof & Puncture Resistant Garden Gloves,Gardening Gloves for Women,Long Garden Gloves,Rose Gloves,Garden Gifts(Small, Tuilp)</p><p>$15.99</p><a href="https://www.amazon.com/dp/B0B5RFV1BK?tag=eloabder-20&linkCode=osi&th=1&psc=1">View Product</a></div>
<div class="product"><a href="https://www.amazon.com/dp/B0D149L1VC?tag=eloabder-20&linkCode=osi&th=1&psc=1"><img src="https://m.media-amazon.com/images/I/41RVIeji+QL._SL500_.jpg" alt="Product Image"></a><p>HLDD HANDLANDY Gardening Gloves Long Sleeve for Women and Men Leather Garden Gloves for Yard & Outdoor Work, Golden Yellow, XL</p><p>$15.98</p><a href="https://www.amazon.com/dp/B0D149L1VC?tag=eloabder-20&linkCode=osi&th=1&psc=1">View Product</a></div>




<div class="product"><a href="https://www.amazon.com/dp/B0BZBTV7FM?tag=eloabder-20&linkCode=osi&th=1&psc=1"><img src="https://m.media-amazon.com/images/I/41rGR7+6sHL._SL500_.jpg" alt="Product Image"></a><p>Fly Fans for Tables, Fly Fan Indoor Outdoor with Holographic Blades, Batteries Powered Fly Fans Outdoor for Picnic, Party, Restaurant, Kitchen, and BBQ, 4 Pack</p><p>$29.99 ($7.50 / Count)</p><a href="https://www.amazon.com/dp/B0BZBTV7FM?tag=eloabder-20&linkCode=osi&th=1&psc=1">View Product</a></div>
<div class="product"><a href="https://www.amazon.com/dp/B01N6706BP?tag=eloabder-20&linkCode=osi&th=1&psc=1"><img src="https://m.media-amazon.com/images/I/51RI47QQRVL._SL500_.jpg" alt="Product Image"></a><p>Gardzen 3-Pack 72 Gallons Garden Bag - Reuseable Heavy Duty Gardening Bags, Lawn Pool Garden Leaf Waste Bag</p><p>$22.99 ($7.66 / Count)</p><a href="https://www.amazon.com/dp/B01N6706BP?tag=eloabder-20&linkCode=osi&th=1&psc=1">View Product</a></div><div class="product"><a href="https://www.amazon.com/dp/B07BR52P26?tag=eloabder-20&linkCode=osi&th=1&psc=1"><img src="https://m.media-amazon.com/images/I/41TsWY51fbL._SL500_.jpg" alt="Product Image"></a><p>SONKIR Soil pH Meter, MS02 3-in-1 Soil Moisture/Light/pH Tester Gardening Tool Kits for Plant Care, Great for Garden, Lawn, Farm, Indoor & Outdoor Use (Green)</p><p>$9.99</p><a href="https://www.amazon.com/dp/B07BR52P26?tag=eloabder-20&linkCode=osi&th=1&psc=1">View Product</a></div>
<div class="product"><a href="https://www.amazon.com/dp/B09S7YL4QV?tag=eloabder-20&linkCode=osi&th=1&psc=1"><img src="https://m.media-amazon.com/images/I/51eFJ8Uv1xL._SL500_.jpg" alt="Product Image"></a><p>Burpee SuperSeed Seed Starting Tray | 36 Cell Reusable Seed Starter Tray | for Starting Vegetable, Flower & Herb Seeds | Indoor Grow Kit for Plant Seedlings | for Germination Success</p><p>$11.97</p><a href="https://www.amazon.com/dp/B09S7YL4QV?tag=eloabder-20&linkCode=osi&th=1&psc=1">View Product</a></div><div class="product"><a href="https://www.amazon.com/dp/B01MU394JM?tag=eloabder-20&linkCode=osi&th=1&psc=1"><img src="https://m.media-amazon.com/images/I/517TE2AFBZL._SL500_.jpg" alt="Product Image"></a><p>Miracle-Gro Shake 'N Feed Tomato, Fruit & Vegetable Plant Food, 1 lb.</p><p>$8.08 ($0.50 / Ounce)</p><a href="https://www.amazon.com/dp/B01MU394JM?tag=eloabder-20&linkCode=osi&th=1&psc=1">View Product</a></div>
<div class="product"><a href="https://www.amazon.com/dp/B09SV8J649?tag=eloabder-20&linkCode=osi&th=1&psc=1"><img src="https://m.media-amazon.com/images/I/51G3IdGm9mL._SL500_.jpg" alt="Product Image"></a><p>Miracle-Gro Women's Nitrile Coated Grip Floral Pattern Gardening Work Gloves, Extreme Comfort, Excellent Grip, Water Resistant, Pink/Purple, Small, (MG37126/WSM)</p><p>$5.99</p><a href="https://www.amazon.com/dp/B09SV8J649?tag=eloabder-20&linkCode=osi&th=1&psc=1">View Product</a></div><div class="product"><a href="https://www.amazon.com/dp/B0BHZXPXW9?tag=eloabder-20&linkCode=osi&th=1&psc=1"><img src="https://m.media-amazon.com/images/I/51gioz5VnSL._SL500_.jpg" alt="Product Image"></a><p>MSUPSAV Gardening Gloves for Gardening,Synthetic Leather Garden Gloves,Work Gloves with Touch Screen,Best Gifts for Women,Green, Medium</p><p>$11.99</p><a href="https://www.amazon.com/dp/B0BHZXPXW9?tag=eloabder-20&linkCode=osi&th=1&psc=1">View Product</a></div><div class="product"><a href="https://www.amazon.com/dp/B0B5RFV1BK?tag=eloabder-20&linkCode=osi&th=1&psc=1"><img src="https://m.media-amazon.com/images/I/51bX+IeFx+L._SL500_.jpg" alt="Product Image"></a><p>MSUPSAV Genuine Leather Gardening Gloves,Thornproof & Puncture Resistant Garden Gloves,Gardening Gloves for Women,Long Garden Gloves,Rose Gloves,Garden Gifts(Small, Tuilp)</p><p>$15.99</p><a href="https://www.amazon.com/dp/B0B5RFV1BK?tag=eloabder-20&linkCode=osi&th=1&psc=1">View Product</a></div>
<div class="product"><a href="https://www.amazon.com/dp/B0D149L1VC?tag=eloabder-20&linkCode=osi&th=1&psc=1"><img src="https://m.media-amazon.com/images/I/41RVIeji+QL._SL500_.jpg" alt="Product Image"></a><p>HLDD HANDLANDY Gardening Gloves Long Sleeve for Women and Men Leather Garden Gloves for Yard & Outdoor Work, Golden Yellow, XL</p><p>$15.98</p><a href="https://www.amazon.com/dp/B0D149L1VC?tag=eloabder-20&linkCode=osi&th=1&psc=1">View Product</a></div>





<div class="product"><a href="https://www.amazon.com/dp/B0BZBTV7FM?tag=eloabder-20&linkCode=osi&th=1&psc=1"><img src="https://m.media-amazon.com/images/I/41rGR7+6sHL._SL500_.jpg" alt="Product Image"></a><p>Fly Fans for Tables, Fly Fan Indoor Outdoor with Holographic Blades, Batteries Powered Fly Fans Outdoor for Picnic, Party, Restaurant, Kitchen, and BBQ, 4 Pack</p><p>$29.99 ($7.50 / Count)</p><a href="https://www.amazon.com/dp/B0BZBTV7FM?tag=eloabder-20&linkCode=osi&th=1&psc=1">View Product</a></div>
<div class="product"><a href="https://www.amazon.com/dp/B01N6706BP?tag=eloabder-20&linkCode=osi&th=1&psc=1"><img src="https://m.media-amazon.com/images/I/51RI47QQRVL._SL500_.jpg" alt="Product Image"></a><p>Gardzen 3-Pack 72 Gallons Garden Bag - Reuseable Heavy Duty Gardening Bags, Lawn Pool Garden Leaf Waste Bag</p><p>$22.99 ($7.66 / Count)</p><a href="https://www.amazon.com/dp/B01N6706BP?tag=eloabder-20&linkCode=osi&th=1&psc=1">View Product</a></div><div class="product"><a href="https://www.amazon.com/dp/B07BR52P26?tag=eloabder-20&linkCode=osi&th=1&psc=1"><img src="https://m.media-amazon.com/images/I/41TsWY51fbL._SL500_.jpg" alt="Product Image"></a><p>SONKIR Soil pH Meter, MS02 3-in-1 Soil Moisture/Light/pH Tester Gardening Tool Kits for Plant Care, Great for Garden, Lawn, Farm, Indoor & Outdoor Use (Green)</p><p>$9.99</p><a href="https://www.amazon.com/dp/B07BR52P26?tag=eloabder-20&linkCode=osi&th=1&psc=1">View Product</a></div>
<div class="product"><a href="https://www.amazon.com/dp/B09S7YL4QV?tag=eloabder-20&linkCode=osi&th=1&psc=1"><img src="https://m.media-amazon.com/images/I/51eFJ8Uv1xL._SL500_.jpg" alt="Product Image"></a><p>Burpee SuperSeed Seed Starting Tray | 36 Cell Reusable Seed Starter Tray | for Starting Vegetable, Flower & Herb Seeds | Indoor Grow Kit for Plant Seedlings | for Germination Success</p><p>$11.97</p><a href="https://www.amazon.com/dp/B09S7YL4QV?tag=eloabder-20&linkCode=osi&th=1&psc=1">View Product</a></div><div class="product"><a href="https://www.amazon.com/dp/B01MU394JM?tag=eloabder-20&linkCode=osi&th=1&psc=1"><img src="https://m.media-amazon.com/images/I/517TE2AFBZL._SL500_.jpg" alt="Product Image"></a><p>Miracle-Gro Shake 'N Feed Tomato, Fruit & Vegetable Plant Food, 1 lb.</p><p>$8.08 ($0.50 / Ounce)</p><a href="https://www.amazon.com/dp/B01MU394JM?tag=eloabder-20&linkCode=osi&th=1&psc=1">View Product</a></div>
<div class="product"><a href="https://www.amazon.com/dp/B09SV8J649?tag=eloabder-20&linkCode=osi&th=1&psc=1"><img src="https://m.media-amazon.com/images/I/51G3IdGm9mL._SL500_.jpg" alt="Product Image"></a><p>Miracle-Gro Women's Nitrile Coated Grip Floral Pattern Gardening Work Gloves, Extreme Comfort, Excellent Grip, Water Resistant, Pink/Purple, Small, (MG37126/WSM)</p><p>$5.99</p><a href="https://www.amazon.com/dp/B09SV8J649?tag=eloabder-20&linkCode=osi&th=1&psc=1">View Product</a></div><div class="product"><a href="https://www.amazon.com/dp/B0BHZXPXW9?tag=eloabder-20&linkCode=osi&th=1&psc=1"><img src="https://m.media-amazon.com/images/I/51gioz5VnSL._SL500_.jpg" alt="Product Image"></a><p>MSUPSAV Gardening Gloves for Gardening,Synthetic Leather Garden Gloves,Work Gloves with Touch Screen,Best Gifts for Women,Green, Medium</p><p>$11.99</p><a href="https://www.amazon.com/dp/B0BHZXPXW9?tag=eloabder-20&linkCode=osi&th=1&psc=1">View Product</a></div><div class="product"><a href="https://www.amazon.com/dp/B0B5RFV1BK?tag=eloabder-20&linkCode=osi&th=1&psc=1"><img src="https://m.media-amazon.com/images/I/51bX+IeFx+L._SL500_.jpg" alt="Product Image"></a><p>MSUPSAV Genuine Leather Gardening Gloves,Thornproof & Puncture Resistant Garden Gloves,Gardening Gloves for Women,Long Garden Gloves,Rose Gloves,Garden Gifts(Small, Tuilp)</p><p>$15.99</p><a href="https://www.amazon.com/dp/B0B5RFV1BK?tag=eloabder-20&linkCode=osi&th=1&psc=1">View Product</a></div>
<div class="product"><a href="https://www.amazon.com/dp/B0D149L1VC?tag=eloabder-20&linkCode=osi&th=1&psc=1"><img src="https://m.media-amazon.com/images/I/41RVIeji+QL._SL500_.jpg" alt="Product Image"></a><p>HLDD HANDLANDY Gardening Gloves Long Sleeve for Women and Men Leather Garden Gloves for Yard & Outdoor Work, Golden Yellow, XL</p><p>$15.98</p><a href="https://www.amazon.com/dp/B0D149L1VC?tag=eloabder-20&linkCode=osi&th=1&psc=1">View Product</a></div>






<div class="product"><a href="https://www.amazon.com/dp/B0BZBTV7FM?tag=eloabder-20&linkCode=osi&th=1&psc=1"><img src="https://m.media-amazon.com/images/I/41rGR7+6sHL._SL500_.jpg" alt="Product Image"></a><p>Fly Fans for Tables, Fly Fan Indoor Outdoor with Holographic Blades, Batteries Powered Fly Fans Outdoor for Picnic, Party, Restaurant, Kitchen, and BBQ, 4 Pack</p><p>$29.99 ($7.50 / Count)</p><a href="https://www.amazon.com/dp/B0BZBTV7FM?tag=eloabder-20&linkCode=osi&th=1&psc=1">View Product</a></div>
<div class="product"><a href="https://www.amazon.com/dp/B01N6706BP?tag=eloabder-20&linkCode=osi&th=1&psc=1"><img src="https://m.media-amazon.com/images/I/51RI47QQRVL._SL500_.jpg" alt="Product Image"></a><p>Gardzen 3-Pack 72 Gallons Garden Bag - Reuseable Heavy Duty Gardening Bags, Lawn Pool Garden Leaf Waste Bag</p><p>$22.99 ($7.66 / Count)</p><a href="https://www.amazon.com/dp/B01N6706BP?tag=eloabder-20&linkCode=osi&th=1&psc=1">View Product</a></div><div class="product"><a href="https://www.amazon.com/dp/B07BR52P26?tag=eloabder-20&linkCode=osi&th=1&psc=1"><img src="https://m.media-amazon.com/images/I/41TsWY51fbL._SL500_.jpg" alt="Product Image"></a><p>SONKIR Soil pH Meter, MS02 3-in-1 Soil Moisture/Light/pH Tester Gardening Tool Kits for Plant Care, Great for Garden, Lawn, Farm, Indoor & Outdoor Use (Green)</p><p>$9.99</p><a href="https://www.amazon.com/dp/B07BR52P26?tag=eloabder-20&linkCode=osi&th=1&psc=1">View Product</a></div>
<div class="product"><a href="https://www.amazon.com/dp/B09S7YL4QV?tag=eloabder-20&linkCode=osi&th=1&psc=1"><img src="https://m.media-amazon.com/images/I/51eFJ8Uv1xL._SL500_.jpg" alt="Product Image"></a><p>Burpee SuperSeed Seed Starting Tray | 36 Cell Reusable Seed Starter Tray | for Starting Vegetable, Flower & Herb Seeds | Indoor Grow Kit for Plant Seedlings | for Germination Success</p><p>$11.97</p><a href="https://www.amazon.com/dp/B09S7YL4QV?tag=eloabder-20&linkCode=osi&th=1&psc=1">View Product</a></div><div class="product"><a href="https://www.amazon.com/dp/B01MU394JM?tag=eloabder-20&linkCode=osi&th=1&psc=1"><img src="https://m.media-amazon.com/images/I/517TE2AFBZL._SL500_.jpg" alt="Product Image"></a><p>Miracle-Gro Shake 'N Feed Tomato, Fruit & Vegetable Plant Food, 1 lb.</p><p>$8.08 ($0.50 / Ounce)</p><a href="https://www.amazon.com/dp/B01MU394JM?tag=eloabder-20&linkCode=osi&th=1&psc=1">View Product</a></div>
<div class="product"><a href="https://www.amazon.com/dp/B09SV8J649?tag=eloabder-20&linkCode=osi&th=1&psc=1"><img src="https://m.media-amazon.com/images/I/51G3IdGm9mL._SL500_.jpg" alt="Product Image"></a><p>Miracle-Gro Women's Nitrile Coated Grip Floral Pattern Gardening Work Gloves, Extreme Comfort, Excellent Grip, Water Resistant, Pink/Purple, Small, (MG37126/WSM)</p><p>$5.99</p><a href="https://www.amazon.com/dp/B09SV8J649?tag=eloabder-20&linkCode=osi&th=1&psc=1">View Product</a></div><div class="product"><a href="https://www.amazon.com/dp/B0BHZXPXW9?tag=eloabder-20&linkCode=osi&th=1&psc=1"><img src="https://m.media-amazon.com/images/I/51gioz5VnSL._SL500_.jpg" alt="Product Image"></a><p>MSUPSAV Gardening Gloves for Gardening,Synthetic Leather Garden Gloves,Work Gloves with Touch Screen,Best Gifts for Women,Green, Medium</p><p>$11.99</p><a href="https://www.amazon.com/dp/B0BHZXPXW9?tag=eloabder-20&linkCode=osi&th=1&psc=1">View Product</a></div><div class="product"><a href="https://www.amazon.com/dp/B0B5RFV1BK?tag=eloabder-20&linkCode=osi&th=1&psc=1"><img src="https://m.media-amazon.com/images/I/51bX+IeFx+L._SL500_.jpg" alt="Product Image"></a><p>MSUPSAV Genuine Leather Gardening Gloves,Thornproof & Puncture Resistant Garden Gloves,Gardening Gloves for Women,Long Garden Gloves,Rose Gloves,Garden Gifts(Small, Tuilp)</p><p>$15.99</p><a href="https://www.amazon.com/dp/B0B5RFV1BK?tag=eloabder-20&linkCode=osi&th=1&psc=1">View Product</a></div>
<div class="product"><a href="https://www.amazon.com/dp/B0D149L1VC?tag=eloabder-20&linkCode=osi&th=1&psc=1"><img src="https://m.media-amazon.com/images/I/41RVIeji+QL._SL500_.jpg" alt="Product Image"></a><p>HLDD HANDLANDY Gardening Gloves Long Sleeve for Women and Men Leather Garden Gloves for Yard & Outdoor Work, Golden Yellow, XL</p><p>$15.98</p><a href="https://www.amazon.com/dp/B0D149L1VC?tag=eloabder-20&linkCode=osi&th=1&psc=1">View Product</a></div>







<div class="product"><a href="https://www.amazon.com/dp/B0BZBTV7FM?tag=eloabder-20&linkCode=osi&th=1&psc=1"><img src="https://m.media-amazon.com/images/I/41rGR7+6sHL._SL500_.jpg" alt="Product Image"></a><p>Fly Fans for Tables, Fly Fan Indoor Outdoor with Holographic Blades, Batteries Powered Fly Fans Outdoor for Picnic, Party, Restaurant, Kitchen, and BBQ, 4 Pack</p><p>$29.99 ($7.50 / Count)</p><a href="https://www.amazon.com/dp/B0BZBTV7FM?tag=eloabder-20&linkCode=osi&th=1&psc=1">View Product</a></div>
<div class="product"><a href="https://www.amazon.com/dp/B01N6706BP?tag=eloabder-20&linkCode=osi&th=1&psc=1"><img src="https://m.media-amazon.com/images/I/51RI47QQRVL._SL500_.jpg" alt="Product Image"></a><p>Gardzen 3-Pack 72 Gallons Garden Bag - Reuseable Heavy Duty Gardening Bags, Lawn Pool Garden Leaf Waste Bag</p><p>$22.99 ($7.66 / Count)</p><a href="https://www.amazon.com/dp/B01N6706BP?tag=eloabder-20&linkCode=osi&th=1&psc=1">View Product</a></div><div class="product"><a href="https://www.amazon.com/dp/B07BR52P26?tag=eloabder-20&linkCode=osi&th=1&psc=1"><img src="https://m.media-amazon.com/images/I/41TsWY51fbL._SL500_.jpg" alt="Product Image"></a><p>SONKIR Soil pH Meter, MS02 3-in-1 Soil Moisture/Light/pH Tester Gardening Tool Kits for Plant Care, Great for Garden, Lawn, Farm, Indoor & Outdoor Use (Green)</p><p>$9.99</p><a href="https://www.amazon.com/dp/B07BR52P26?tag=eloabder-20&linkCode=osi&th=1&psc=1">View Product</a></div>
<div class="product"><a href="https://www.amazon.com/dp/B09S7YL4QV?tag=eloabder-20&linkCode=osi&th=1&psc=1"><img src="https://m.media-amazon.com/images/I/51eFJ8Uv1xL._SL500_.jpg" alt="Product Image"></a><p>Burpee SuperSeed Seed Starting Tray | 36 Cell Reusable Seed Starter Tray | for Starting Vegetable, Flower & Herb Seeds | Indoor Grow Kit for Plant Seedlings | for Germination Success</p><p>$11.97</p><a href="https://www.amazon.com/dp/B09S7YL4QV?tag=eloabder-20&linkCode=osi&th=1&psc=1">View Product</a></div><div class="product"><a href="https://www.amazon.com/dp/B01MU394JM?tag=eloabder-20&linkCode=osi&th=1&psc=1"><img src="https://m.media-amazon.com/images/I/517TE2AFBZL._SL500_.jpg" alt="Product Image"></a><p>Miracle-Gro Shake 'N Feed Tomato, Fruit & Vegetable Plant Food, 1 lb.</p><p>$8.08 ($0.50 / Ounce)</p><a href="https://www.amazon.com/dp/B01MU394JM?tag=eloabder-20&linkCode=osi&th=1&psc=1">View Product</a></div>
<div class="product"><a href="https://www.amazon.com/dp/B09SV8J649?tag=eloabder-20&linkCode=osi&th=1&psc=1"><img src="https://m.media-amazon.com/images/I/51G3IdGm9mL._SL500_.jpg" alt="Product Image"></a><p>Miracle-Gro Women's Nitrile Coated Grip Floral Pattern Gardening Work Gloves, Extreme Comfort, Excellent Grip, Water Resistant, Pink/Purple, Small, (MG37126/WSM)</p><p>$5.99</p><a href="https://www.amazon.com/dp/B09SV8J649?tag=eloabder-20&linkCode=osi&th=1&psc=1">View Product</a></div><div class="product"><a href="https://www.amazon.com/dp/B0BHZXPXW9?tag=eloabder-20&linkCode=osi&th=1&psc=1"><img src="https://m.media-amazon.com/images/I/51gioz5VnSL._SL500_.jpg" alt="Product Image"></a><p>MSUPSAV Gardening Gloves for Gardening,Synthetic Leather Garden Gloves,Work Gloves with Touch Screen,Best Gifts for Women,Green, Medium</p><p>$11.99</p><a href="https://www.amazon.com/dp/B0BHZXPXW9?tag=eloabder-20&linkCode=osi&th=1&psc=1">View Product</a></div><div class="product"><a href="https://www.amazon.com/dp/B0B5RFV1BK?tag=eloabder-20&linkCode=osi&th=1&psc=1"><img src="https://m.media-amazon.com/images/I/51bX+IeFx+L._SL500_.jpg" alt="Product Image"></a><p>MSUPSAV Genuine Leather Gardening Gloves,Thornproof & Puncture Resistant Garden Gloves,Gardening Gloves for Women,Long Garden Gloves,Rose Gloves,Garden Gifts(Small, Tuilp)</p><p>$15.99</p><a href="https://www.amazon.com/dp/B0B5RFV1BK?tag=eloabder-20&linkCode=osi&th=1&psc=1">View Product</a></div>
<div class="product"><a href="https://www.amazon.com/dp/B0D149L1VC?tag=eloabder-20&linkCode=osi&th=1&psc=1"><img src="https://m.media-amazon.com/images/I/41RVIeji+QL._SL500_.jpg" alt="Product Image"></a><p>HLDD HANDLANDY Gardening Gloves Long Sleeve for Women and Men Leather Garden Gloves for Yard & Outdoor Work, Golden Yellow, XL</p><p>$15.98</p><a href="https://www.amazon.com/dp/B0D149L1VC?tag=eloabder-20&linkCode=osi&th=1&psc=1">View Product</a></div>








<div class="product"><a href="https://www.amazon.com/dp/B0BZBTV7FM?tag=eloabder-20&linkCode=osi&th=1&psc=1"><img src="https://m.media-amazon.com/images/I/41rGR7+6sHL._SL500_.jpg" alt="Product Image"></a><p>Fly Fans for Tables, Fly Fan Indoor Outdoor with Holographic Blades, Batteries Powered Fly Fans Outdoor for Picnic, Party, Restaurant, Kitchen, and BBQ, 4 Pack</p><p>$29.99 ($7.50 / Count)</p><a href="https://www.amazon.com/dp/B0BZBTV7FM?tag=eloabder-20&linkCode=osi&th=1&psc=1">View Product</a></div>
<div class="product"><a href="https://www.amazon.com/dp/B01N6706BP?tag=eloabder-20&linkCode=osi&th=1&psc=1"><img src="https://m.media-amazon.com/images/I/51RI47QQRVL._SL500_.jpg" alt="Product Image"></a><p>Gardzen 3-Pack 72 Gallons Garden Bag - Reuseable Heavy Duty Gardening Bags, Lawn Pool Garden Leaf Waste Bag</p><p>$22.99 ($7.66 / Count)</p><a href="https://www.amazon.com/dp/B01N6706BP?tag=eloabder-20&linkCode=osi&th=1&psc=1">View Product</a></div><div class="product"><a href="https://www.amazon.com/dp/B07BR52P26?tag=eloabder-20&linkCode=osi&th=1&psc=1"><img src="https://m.media-amazon.com/images/I/41TsWY51fbL._SL500_.jpg" alt="Product Image"></a><p>SONKIR Soil pH Meter, MS02 3-in-1 Soil Moisture/Light/pH Tester Gardening Tool Kits for Plant Care, Great for Garden, Lawn, Farm, Indoor & Outdoor Use (Green)</p><p>$9.99</p><a href="https://www.amazon.com/dp/B07BR52P26?tag=eloabder-20&linkCode=osi&th=1&psc=1">View Product</a></div>
<div class="product"><a href="https://www.amazon.com/dp/B09S7YL4QV?tag=eloabder-20&linkCode=osi&th=1&psc=1"><img src="https://m.media-amazon.com/images/I/51eFJ8Uv1xL._SL500_.jpg" alt="Product Image"></a><p>Burpee SuperSeed Seed Starting Tray | 36 Cell Reusable Seed Starter Tray | for Starting Vegetable, Flower & Herb Seeds | Indoor Grow Kit for Plant Seedlings | for Germination Success</p><p>$11.97</p><a href="https://www.amazon.com/dp/B09S7YL4QV?tag=eloabder-20&linkCode=osi&th=1&psc=1">View Product</a></div><div class="product"><a href="https://www.amazon.com/dp/B01MU394JM?tag=eloabder-20&linkCode=osi&th=1&psc=1"><img src="https://m.media-amazon.com/images/I/517TE2AFBZL._SL500_.jpg" alt="Product Image"></a><p>Miracle-Gro Shake 'N Feed Tomato, Fruit & Vegetable Plant Food, 1 lb.</p><p>$8.08 ($0.50 / Ounce)</p><a href="https://www.amazon.com/dp/B01MU394JM?tag=eloabder-20&linkCode=osi&th=1&psc=1">View Product</a></div>
<div class="product"><a href="https://www.amazon.com/dp/B09SV8J649?tag=eloabder-20&linkCode=osi&th=1&psc=1"><img src="https://m.media-amazon.com/images/I/51G3IdGm9mL._SL500_.jpg" alt="Product Image"></a><p>Miracle-Gro Women's Nitrile Coated Grip Floral Pattern Gardening Work Gloves, Extreme Comfort, Excellent Grip, Water Resistant, Pink/Purple, Small, (MG37126/WSM)</p><p>$5.99</p><a href="https://www.amazon.com/dp/B09SV8J649?tag=eloabder-20&linkCode=osi&th=1&psc=1">View Product</a></div><div class="product"><a href="https://www.amazon.com/dp/B0BHZXPXW9?tag=eloabder-20&linkCode=osi&th=1&psc=1"><img src="https://m.media-amazon.com/images/I/51gioz5VnSL._SL500_.jpg" alt="Product Image"></a><p>MSUPSAV Gardening Gloves for Gardening,Synthetic Leather Garden Gloves,Work Gloves with Touch Screen,Best Gifts for Women,Green, Medium</p><p>$11.99</p><a href="https://www.amazon.com/dp/B0BHZXPXW9?tag=eloabder-20&linkCode=osi&th=1&psc=1">View Product</a></div><div class="product"><a href="https://www.amazon.com/dp/B0B5RFV1BK?tag=eloabder-20&linkCode=osi&th=1&psc=1"><img src="https://m.media-amazon.com/images/I/51bX+IeFx+L._SL500_.jpg" alt="Product Image"></a><p>MSUPSAV Genuine Leather Gardening Gloves,Thornproof & Puncture Resistant Garden Gloves,Gardening Gloves for Women,Long Garden Gloves,Rose Gloves,Garden Gifts(Small, Tuilp)</p><p>$15.99</p><a href="https://www.amazon.com/dp/B0B5RFV1BK?tag=eloabder-20&linkCode=osi&th=1&psc=1">View Product</a></div>
<div class="product"><a href="https://www.amazon.com/dp/B0D149L1VC?tag=eloabder-20&linkCode=osi&th=1&psc=1"><img src="https://m.media-amazon.com/images/I/41RVIeji+QL._SL500_.jpg" alt="Product Image"></a><p>HLDD HANDLANDY Gardening Gloves Long Sleeve for Women and Men Leather Garden Gloves for Yard & Outdoor Work, Golden Yellow, XL</p><p>$15.98</p><a href="https://www.amazon.com/dp/B0D149L1VC?tag=eloabder-20&linkCode=osi&th=1&psc=1">View Product</a></div>









<div class="product"><a href="https://www.amazon.com/dp/B0BZBTV7FM?tag=eloabder-20&linkCode=osi&th=1&psc=1"><img src="https://m.media-amazon.com/images/I/41rGR7+6sHL._SL500_.jpg" alt="Product Image"></a><p>Fly Fans for Tables, Fly Fan Indoor Outdoor with Holographic Blades, Batteries Powered Fly Fans Outdoor for Picnic, Party, Restaurant, Kitchen, and BBQ, 4 Pack</p><p>$29.99 ($7.50 / Count)</p><a href="https://www.amazon.com/dp/B0BZBTV7FM?tag=eloabder-20&linkCode=osi&th=1&psc=1">View Product</a></div>
<div class="product"><a href="https://www.amazon.com/dp/B01N6706BP?tag=eloabder-20&linkCode=osi&th=1&psc=1"><img src="https://m.media-amazon.com/images/I/51RI47QQRVL._SL500_.jpg" alt="Product Image"></a><p>Gardzen 3-Pack 72 Gallons Garden Bag - Reuseable Heavy Duty Gardening Bags, Lawn Pool Garden Leaf Waste Bag</p><p>$22.99 ($7.66 / Count)</p><a href="https://www.amazon.com/dp/B01N6706BP?tag=eloabder-20&linkCode=osi&th=1&psc=1">View Product</a></div><div class="product"><a href="https://www.amazon.com/dp/B07BR52P26?tag=eloabder-20&linkCode=osi&th=1&psc=1"><img src="https://m.media-amazon.com/images/I/41TsWY51fbL._SL500_.jpg" alt="Product Image"></a><p>SONKIR Soil pH Meter, MS02 3-in-1 Soil Moisture/Light/pH Tester Gardening Tool Kits for Plant Care, Great for Garden, Lawn, Farm, Indoor & Outdoor Use (Green)</p><p>$9.99</p><a href="https://www.amazon.com/dp/B07BR52P26?tag=eloabder-20&linkCode=osi&th=1&psc=1">View Product</a></div>
<div class="product"><a href="https://www.amazon.com/dp/B09S7YL4QV?tag=eloabder-20&linkCode=osi&th=1&psc=1"><img src="https://m.media-amazon.com/images/I/51eFJ8Uv1xL._SL500_.jpg" alt="Product Image"></a><p>Burpee SuperSeed Seed Starting Tray | 36 Cell Reusable Seed Starter Tray | for Starting Vegetable, Flower & Herb Seeds | Indoor Grow Kit for Plant Seedlings | for Germination Success</p><p>$11.97</p><a href="https://www.amazon.com/dp/B09S7YL4QV?tag=eloabder-20&linkCode=osi&th=1&psc=1">View Product</a></div><div class="product"><a href="https://www.amazon.com/dp/B01MU394JM?tag=eloabder-20&linkCode=osi&th=1&psc=1"><img src="https://m.media-amazon.com/images/I/517TE2AFBZL._SL500_.jpg" alt="Product Image"></a><p>Miracle-Gro Shake 'N Feed Tomato, Fruit & Vegetable Plant Food, 1 lb.</p><p>$8.08 ($0.50 / Ounce)</p><a href="https://www.amazon.com/dp/B01MU394JM?tag=eloabder-20&linkCode=osi&th=1&psc=1">View Product</a></div>
<div class="product"><a href="https://www.amazon.com/dp/B09SV8J649?tag=eloabder-20&linkCode=osi&th=1&psc=1"><img src="https://m.media-amazon.com/images/I/51G3IdGm9mL._SL500_.jpg" alt="Product Image"></a><p>Miracle-Gro Women's Nitrile Coated Grip Floral Pattern Gardening Work Gloves, Extreme Comfort, Excellent Grip, Water Resistant, Pink/Purple, Small, (MG37126/WSM)</p><p>$5.99</p><a href="https://www.amazon.com/dp/B09SV8J649?tag=eloabder-20&linkCode=osi&th=1&psc=1">View Product</a></div><div class="product"><a href="https://www.amazon.com/dp/B0BHZXPXW9?tag=eloabder-20&linkCode=osi&th=1&psc=1"><img src="https://m.media-amazon.com/images/I/51gioz5VnSL._SL500_.jpg" alt="Product Image"></a><p>MSUPSAV Gardening Gloves for Gardening,Synthetic Leather Garden Gloves,Work Gloves with Touch Screen,Best Gifts for Women,Green, Medium</p><p>$11.99</p><a href="https://www.amazon.com/dp/B0BHZXPXW9?tag=eloabder-20&linkCode=osi&th=1&psc=1">View Product</a></div><div class="product"><a href="https://www.amazon.com/dp/B0B5RFV1BK?tag=eloabder-20&linkCode=osi&th=1&psc=1"><img src="https://m.media-amazon.com/images/I/51bX+IeFx+L._SL500_.jpg" alt="Product Image"></a><p>MSUPSAV Genuine Leather Gardening Gloves,Thornproof & Puncture Resistant Garden Gloves,Gardening Gloves for Women,Long Garden Gloves,Rose Gloves,Garden Gifts(Small, Tuilp)</p><p>$15.99</p><a href="https://www.amazon.com/dp/B0B5RFV1BK?tag=eloabder-20&linkCode=osi&th=1&psc=1">View Product</a></div>
<div class="product"><a href="https://www.amazon.com/dp/B0D149L1VC?tag=eloabder-20&linkCode=osi&th=1&psc=1"><img src="https://m.media-amazon.com/images/I/41RVIeji+QL._SL500_.jpg" alt="Product Image"></a><p>HLDD HANDLANDY Gardening Gloves Long Sleeve for Women and Men Leather Garden Gloves for Yard & Outdoor Work, Golden Yellow, XL</p><p>$15.98</p><a href="https://www.amazon.com/dp/B0D149L1VC?tag=eloabder-20&linkCode=osi&th=1&psc=1">View Product</a></div>










<div class="product"><a href="https://www.amazon.com/dp/B0BZBTV7FM?tag=eloabder-20&linkCode=osi&th=1&psc=1"><img src="https://m.media-amazon.com/images/I/41rGR7+6sHL._SL500_.jpg" alt="Product Image"></a><p>Fly Fans for Tables, Fly Fan Indoor Outdoor with Holographic Blades, Batteries Powered Fly Fans Outdoor for Picnic, Party, Restaurant, Kitchen, and BBQ, 4 Pack</p><p>$29.99 ($7.50 / Count)</p><a href="https://www.amazon.com/dp/B0BZBTV7FM?tag=eloabder-20&linkCode=osi&th=1&psc=1">View Product</a></div>
<div class="product"><a href="https://www.amazon.com/dp/B01N6706BP?tag=eloabder-20&linkCode=osi&th=1&psc=1"><img src="https://m.media-amazon.com/images/I/51RI47QQRVL._SL500_.jpg" alt="Product Image"></a><p>Gardzen 3-Pack 72 Gallons Garden Bag - Reuseable Heavy Duty Gardening Bags, Lawn Pool Garden Leaf Waste Bag</p><p>$22.99 ($7.66 / Count)</p><a href="https://www.amazon.com/dp/B01N6706BP?tag=eloabder-20&linkCode=osi&th=1&psc=1">View Product</a></div><div class="product"><a href="https://www.amazon.com/dp/B07BR52P26?tag=eloabder-20&linkCode=osi&th=1&psc=1"><img src="https://m.media-amazon.com/images/I/41TsWY51fbL._SL500_.jpg" alt="Product Image"></a><p>SONKIR Soil pH Meter, MS02 3-in-1 Soil Moisture/Light/pH Tester Gardening Tool Kits for Plant Care, Great for Garden, Lawn, Farm, Indoor & Outdoor Use (Green)</p><p>$9.99</p><a href="https://www.amazon.com/dp/B07BR52P26?tag=eloabder-20&linkCode=osi&th=1&psc=1">View Product</a></div>
<div class="product"><a href="https://www.amazon.com/dp/B09S7YL4QV?tag=eloabder-20&linkCode=osi&th=1&psc=1"><img src="https://m.media-amazon.com/images/I/51eFJ8Uv1xL._SL500_.jpg" alt="Product Image"></a><p>Burpee SuperSeed Seed Starting Tray | 36 Cell Reusable Seed Starter Tray | for Starting Vegetable, Flower & Herb Seeds | Indoor Grow Kit for Plant Seedlings | for Germination Success</p><p>$11.97</p><a href="https://www.amazon.com/dp/B09S7YL4QV?tag=eloabder-20&linkCode=osi&th=1&psc=1">View Product</a></div><div class="product"><a href="https://www.amazon.com/dp/B01MU394JM?tag=eloabder-20&linkCode=osi&th=1&psc=1"><img src="https://m.media-amazon.com/images/I/517TE2AFBZL._SL500_.jpg" alt="Product Image"></a><p>Miracle-Gro Shake 'N Feed Tomato, Fruit & Vegetable Plant Food, 1 lb.</p><p>$8.08 ($0.50 / Ounce)</p><a href="https://www.amazon.com/dp/B01MU394JM?tag=eloabder-20&linkCode=osi&th=1&psc=1">View Product</a></div>
<div class="product"><a href="https://www.amazon.com/dp/B09SV8J649?tag=eloabder-20&linkCode=osi&th=1&psc=1"><img src="https://m.media-amazon.com/images/I/51G3IdGm9mL._SL500_.jpg" alt="Product Image"></a><p>Miracle-Gro Women's Nitrile Coated Grip Floral Pattern Gardening Work Gloves, Extreme Comfort, Excellent Grip, Water Resistant, Pink/Purple, Small, (MG37126/WSM)</p><p>$5.99</p><a href="https://www.amazon.com/dp/B09SV8J649?tag=eloabder-20&linkCode=osi&th=1&psc=1">View Product</a></div><div class="product"><a href="https://www.amazon.com/dp/B0BHZXPXW9?tag=eloabder-20&linkCode=osi&th=1&psc=1"><img src="https://m.media-amazon.com/images/I/51gioz5VnSL._SL500_.jpg" alt="Product Image"></a><p>MSUPSAV Gardening Gloves for Gardening,Synthetic Leather Garden Gloves,Work Gloves with Touch Screen,Best Gifts for Women,Green, Medium</p><p>$11.99</p><a href="https://www.amazon.com/dp/B0BHZXPXW9?tag=eloabder-20&linkCode=osi&th=1&psc=1">View Product</a></div><div class="product"><a href="https://www.amazon.com/dp/B0B5RFV1BK?tag=eloabder-20&linkCode=osi&th=1&psc=1"><img src="https://m.media-amazon.com/images/I/51bX+IeFx+L._SL500_.jpg" alt="Product Image"></a><p>MSUPSAV Genuine Leather Gardening Gloves,Thornproof & Puncture Resistant Garden Gloves,Gardening Gloves for Women,Long Garden Gloves,Rose Gloves,Garden Gifts(Small, Tuilp)</p><p>$15.99</p><a href="https://www.amazon.com/dp/B0B5RFV1BK?tag=eloabder-20&linkCode=osi&th=1&psc=1">View Product</a></div>
<div class="product"><a href="https://www.amazon.com/dp/B0D149L1VC?tag=eloabder-20&linkCode=osi&th=1&psc=1"><img src="https://m.media-amazon.com/images/I/41RVIeji+QL._SL500_.jpg" alt="Product Image"></a><p>HLDD HANDLANDY Gardening Gloves Long Sleeve for Women and Men Leather Garden Gloves for Yard & Outdoor Work, Golden Yellow, XL</p><p>$15.98</p><a href="https://www.amazon.com/dp/B0D149L1VC?tag=eloabder-20&linkCode=osi&th=1&psc=1">View Product</a></div>











<div class="product"><a href="https://www.amazon.com/dp/B0BZBTV7FM?tag=eloabder-20&linkCode=osi&th=1&psc=1"><img src="https://m.media-amazon.com/images/I/41rGR7+6sHL._SL500_.jpg" alt="Product Image"></a><p>Fly Fans for Tables, Fly Fan Indoor Outdoor with Holographic Blades, Batteries Powered Fly Fans Outdoor for Picnic, Party, Restaurant, Kitchen, and BBQ, 4 Pack</p><p>$29.99 ($7.50 / Count)</p><a href="https://www.amazon.com/dp/B0BZBTV7FM?tag=eloabder-20&linkCode=osi&th=1&psc=1">View Product</a></div>
<div class="product"><a href="https://www.amazon.com/dp/B01N6706BP?tag=eloabder-20&linkCode=osi&th=1&psc=1"><img src="https://m.media-amazon.com/images/I/51RI47QQRVL._SL500_.jpg" alt="Product Image"></a><p>Gardzen 3-Pack 72 Gallons Garden Bag - Reuseable Heavy Duty Gardening Bags, Lawn Pool Garden Leaf Waste Bag</p><p>$22.99 ($7.66 / Count)</p><a href="https://www.amazon.com/dp/B01N6706BP?tag=eloabder-20&linkCode=osi&th=1&psc=1">View Product</a></div><div class="product"><a href="https://www.amazon.com/dp/B07BR52P26?tag=eloabder-20&linkCode=osi&th=1&psc=1"><img src="https://m.media-amazon.com/images/I/41TsWY51fbL._SL500_.jpg" alt="Product Image"></a><p>SONKIR Soil pH Meter, MS02 3-in-1 Soil Moisture/Light/pH Tester Gardening Tool Kits for Plant Care, Great for Garden, Lawn, Farm, Indoor & Outdoor Use (Green)</p><p>$9.99</p><a href="https://www.amazon.com/dp/B07BR52P26?tag=eloabder-20&linkCode=osi&th=1&psc=1">View Product</a></div>
<div class="product"><a href="https://www.amazon.com/dp/B09S7YL4QV?tag=eloabder-20&linkCode=osi&th=1&psc=1"><img src="https://m.media-amazon.com/images/I/51eFJ8Uv1xL._SL500_.jpg" alt="Product Image"></a><p>Burpee SuperSeed Seed Starting Tray | 36 Cell Reusable Seed Starter Tray | for Starting Vegetable, Flower & Herb Seeds | Indoor Grow Kit for Plant Seedlings | for Germination Success</p><p>$11.97</p><a href="https://www.amazon.com/dp/B09S7YL4QV?tag=eloabder-20&linkCode=osi&th=1&psc=1">View Product</a></div><div class="product"><a href="https://www.amazon.com/dp/B01MU394JM?tag=eloabder-20&linkCode=osi&th=1&psc=1"><img src="https://m.media-amazon.com/images/I/517TE2AFBZL._SL500_.jpg" alt="Product Image"></a><p>Miracle-Gro Shake 'N Feed Tomato, Fruit & Vegetable Plant Food, 1 lb.</p><p>$8.08 ($0.50 / Ounce)</p><a href="https://www.amazon.com/dp/B01MU394JM?tag=eloabder-20&linkCode=osi&th=1&psc=1">View Product</a></div>
<div class="product"><a href="https://www.amazon.com/dp/B09SV8J649?tag=eloabder-20&linkCode=osi&th=1&psc=1"><img src="https://m.media-amazon.com/images/I/51G3IdGm9mL._SL500_.jpg" alt="Product Image"></a><p>Miracle-Gro Women's Nitrile Coated Grip Floral Pattern Gardening Work Gloves, Extreme Comfort, Excellent Grip, Water Resistant, Pink/Purple, Small, (MG37126/WSM)</p><p>$5.99</p><a href="https://www.amazon.com/dp/B09SV8J649?tag=eloabder-20&linkCode=osi&th=1&psc=1">View Product</a></div><div class="product"><a href="https://www.amazon.com/dp/B0BHZXPXW9?tag=eloabder-20&linkCode=osi&th=1&psc=1"><img src="https://m.media-amazon.com/images/I/51gioz5VnSL._SL500_.jpg" alt="Product Image"></a><p>MSUPSAV Gardening Gloves for Gardening,Synthetic Leather Garden Gloves,Work Gloves with Touch Screen,Best Gifts for Women,Green, Medium</p><p>$11.99</p><a href="https://www.amazon.com/dp/B0BHZXPXW9?tag=eloabder-20&linkCode=osi&th=1&psc=1">View Product</a></div><div class="product"><a href="https://www.amazon.com/dp/B0B5RFV1BK?tag=eloabder-20&linkCode=osi&th=1&psc=1"><img src="https://m.media-amazon.com/images/I/51bX+IeFx+L._SL500_.jpg" alt="Product Image"></a><p>MSUPSAV Genuine Leather Gardening Gloves,Thornproof & Puncture Resistant Garden Gloves,Gardening Gloves for Women,Long Garden Gloves,Rose Gloves,Garden Gifts(Small, Tuilp)</p><p>$15.99</p><a href="https://www.amazon.com/dp/B0B5RFV1BK?tag=eloabder-20&linkCode=osi&th=1&psc=1">View Product</a></div>
<div class="product"><a href="https://www.amazon.com/dp/B0D149L1VC?tag=eloabder-20&linkCode=osi&th=1&psc=1"><img src="https://m.media-amazon.com/images/I/41RVIeji+QL._SL500_.jpg" alt="Product Image"></a><p>HLDD HANDLANDY Gardening Gloves Long Sleeve for Women and Men Leather Garden Gloves for Yard & Outdoor Work, Golden Yellow, XL</p><p>$15.98</p><a href="https://www.amazon.com/dp/B0D149L1VC?tag=eloabder-20&linkCode=osi&th=1&psc=1">View Product</a></div>












<div class="product"><a href="https://www.amazon.com/dp/B0BZBTV7FM?tag=eloabder-20&linkCode=osi&th=1&psc=1"><img src="https://m.media-amazon.com/images/I/41rGR7+6sHL._SL500_.jpg" alt="Product Image"></a><p>Fly Fans for Tables, Fly Fan Indoor Outdoor with Holographic Blades, Batteries Powered Fly Fans Outdoor for Picnic, Party, Restaurant, Kitchen, and BBQ, 4 Pack</p><p>$29.99 ($7.50 / Count)</p><a href="https://www.amazon.com/dp/B0BZBTV7FM?tag=eloabder-20&linkCode=osi&th=1&psc=1">View Product</a></div>
<div class="product"><a href="https://www.amazon.com/dp/B01N6706BP?tag=eloabder-20&linkCode=osi&th=1&psc=1"><img src="https://m.media-amazon.com/images/I/51RI47QQRVL._SL500_.jpg" alt="Product Image"></a><p>Gardzen 3-Pack 72 Gallons Garden Bag - Reuseable Heavy Duty Gardening Bags, Lawn Pool Garden Leaf Waste Bag</p><p>$22.99 ($7.66 / Count)</p><a href="https://www.amazon.com/dp/B01N6706BP?tag=eloabder-20&linkCode=osi&th=1&psc=1">View Product</a></div><div class="product"><a href="https://www.amazon.com/dp/B07BR52P26?tag=eloabder-20&linkCode=osi&th=1&psc=1"><img src="https://m.media-amazon.com/images/I/41TsWY51fbL._SL500_.jpg" alt="Product Image"></a><p>SONKIR Soil pH Meter, MS02 3-in-1 Soil Moisture/Light/pH Tester Gardening Tool Kits for Plant Care, Great for Garden, Lawn, Farm, Indoor & Outdoor Use (Green)</p><p>$9.99</p><a href="https://www.amazon.com/dp/B07BR52P26?tag=eloabder-20&linkCode=osi&th=1&psc=1">View Product</a></div>
<div class="product"><a href="https://www.amazon.com/dp/B09S7YL4QV?tag=eloabder-20&linkCode=osi&th=1&psc=1"><img src="https://m.media-amazon.com/images/I/51eFJ8Uv1xL._SL500_.jpg" alt="Product Image"></a><p>Burpee SuperSeed Seed Starting Tray | 36 Cell Reusable Seed Starter Tray | for Starting Vegetable, Flower & Herb Seeds | Indoor Grow Kit for Plant Seedlings | for Germination Success</p><p>$11.97</p><a href="https://www.amazon.com/dp/B09S7YL4QV?tag=eloabder-20&linkCode=osi&th=1&psc=1">View Product</a></div><div class="product"><a href="https://www.amazon.com/dp/B01MU394JM?tag=eloabder-20&linkCode=osi&th=1&psc=1"><img src="https://m.media-amazon.com/images/I/517TE2AFBZL._SL500_.jpg" alt="Product Image"></a><p>Miracle-Gro Shake 'N Feed Tomato, Fruit & Vegetable Plant Food, 1 lb.</p><p>$8.08 ($0.50 / Ounce)</p><a href="https://www.amazon.com/dp/B01MU394JM?tag=eloabder-20&linkCode=osi&th=1&psc=1">View Product</a></div>
<div class="product"><a href="https://www.amazon.com/dp/B09SV8J649?tag=eloabder-20&linkCode=osi&th=1&psc=1"><img src="https://m.media-amazon.com/images/I/51G3IdGm9mL._SL500_.jpg" alt="Product Image"></a><p>Miracle-Gro Women's Nitrile Coated Grip Floral Pattern Gardening Work Gloves, Extreme Comfort, Excellent Grip, Water Resistant, Pink/Purple, Small, (MG37126/WSM)</p><p>$5.99</p><a href="https://www.amazon.com/dp/B09SV8J649?tag=eloabder-20&linkCode=osi&th=1&psc=1">View Product</a></div><div class="product"><a href="https://www.amazon.com/dp/B0BHZXPXW9?tag=eloabder-20&linkCode=osi&th=1&psc=1"><img src="https://m.media-amazon.com/images/I/51gioz5VnSL._SL500_.jpg" alt="Product Image"></a><p>MSUPSAV Gardening Gloves for Gardening,Synthetic Leather Garden Gloves,Work Gloves with Touch Screen,Best Gifts for Women,Green, Medium</p><p>$11.99</p><a href="https://www.amazon.com/dp/B0BHZXPXW9?tag=eloabder-20&linkCode=osi&th=1&psc=1">View Product</a></div><div class="product"><a href="https://www.amazon.com/dp/B0B5RFV1BK?tag=eloabder-20&linkCode=osi&th=1&psc=1"><img src="https://m.media-amazon.com/images/I/51bX+IeFx+L._SL500_.jpg" alt="Product Image"></a><p>MSUPSAV Genuine Leather Gardening Gloves,Thornproof & Puncture Resistant Garden Gloves,Gardening Gloves for Women,Long Garden Gloves,Rose Gloves,Garden Gifts(Small, Tuilp)</p><p>$15.99</p><a href="https://www.amazon.com/dp/B0B5RFV1BK?tag=eloabder-20&linkCode=osi&th=1&psc=1">View Product</a></div>
<div class="product"><a href="https://www.amazon.com/dp/B0D149L1VC?tag=eloabder-20&linkCode=osi&th=1&psc=1"><img src="https://m.media-amazon.com/images/I/41RVIeji+QL._SL500_.jpg" alt="Product Image"></a><p>HLDD HANDLANDY Gardening Gloves Long Sleeve for Women and Men Leather Garden Gloves for Yard & Outdoor Work, Golden Yellow, XL</p><p>$15.98</p><a href="https://www.amazon.com/dp/B0D149L1VC?tag=eloabder-20&linkCode=osi&th=1&psc=1">View Product</a></div>













<div class="product"><a href="https://www.amazon.com/dp/B0BZBTV7FM?tag=eloabder-20&linkCode=osi&th=1&psc=1"><img src="https://m.media-amazon.com/images/I/41rGR7+6sHL._SL500_.jpg" alt="Product Image"></a><p>Fly Fans for Tables, Fly Fan Indoor Outdoor with Holographic Blades, Batteries Powered Fly Fans Outdoor for Picnic, Party, Restaurant, Kitchen, and BBQ, 4 Pack</p><p>$29.99 ($7.50 / Count)</p><a href="https://www.amazon.com/dp/B0BZBTV7FM?tag=eloabder-20&linkCode=osi&th=1&psc=1">View Product</a></div>
<div class="product"><a href="https://www.amazon.com/dp/B01N6706BP?tag=eloabder-20&linkCode=osi&th=1&psc=1"><img src="https://m.media-amazon.com/images/I/51RI47QQRVL._SL500_.jpg" alt="Product Image"></a><p>Gardzen 3-Pack 72 Gallons Garden Bag - Reuseable Heavy Duty Gardening Bags, Lawn Pool Garden Leaf Waste Bag</p><p>$22.99 ($7.66 / Count)</p><a href="https://www.amazon.com/dp/B01N6706BP?tag=eloabder-20&linkCode=osi&th=1&psc=1">View Product</a></div><div class="product"><a href="https://www.amazon.com/dp/B07BR52P26?tag=eloabder-20&linkCode=osi&th=1&psc=1"><img src="https://m.media-amazon.com/images/I/41TsWY51fbL._SL500_.jpg" alt="Product Image"></a><p>SONKIR Soil pH Meter, MS02 3-in-1 Soil Moisture/Light/pH Tester Gardening Tool Kits for Plant Care, Great for Garden, Lawn, Farm, Indoor & Outdoor Use (Green)</p><p>$9.99</p><a href="https://www.amazon.com/dp/B07BR52P26?tag=eloabder-20&linkCode=osi&th=1&psc=1">View Product</a></div>
<div class="product"><a href="https://www.amazon.com/dp/B09S7YL4QV?tag=eloabder-20&linkCode=osi&th=1&psc=1"><img src="https://m.media-amazon.com/images/I/51eFJ8Uv1xL._SL500_.jpg" alt="Product Image"></a><p>Burpee SuperSeed Seed Starting Tray | 36 Cell Reusable Seed Starter Tray | for Starting Vegetable, Flower & Herb Seeds | Indoor Grow Kit for Plant Seedlings | for Germination Success</p><p>$11.97</p><a href="https://www.amazon.com/dp/B09S7YL4QV?tag=eloabder-20&linkCode=osi&th=1&psc=1">View Product</a></div><div class="product"><a href="https://www.amazon.com/dp/B01MU394JM?tag=eloabder-20&linkCode=osi&th=1&psc=1"><img src="https://m.media-amazon.com/images/I/517TE2AFBZL._SL500_.jpg" alt="Product Image"></a><p>Miracle-Gro Shake 'N Feed Tomato, Fruit & Vegetable Plant Food, 1 lb.</p><p>$8.08 ($0.50 / Ounce)</p><a href="https://www.amazon.com/dp/B01MU394JM?tag=eloabder-20&linkCode=osi&th=1&psc=1">View Product</a></div>
<div class="product"><a href="https://www.amazon.com/dp/B09SV8J649?tag=eloabder-20&linkCode=osi&th=1&psc=1"><img src="https://m.media-amazon.com/images/I/51G3IdGm9mL._SL500_.jpg" alt="Product Image"></a><p>Miracle-Gro Women's Nitrile Coated Grip Floral Pattern Gardening Work Gloves, Extreme Comfort, Excellent Grip, Water Resistant, Pink/Purple, Small, (MG37126/WSM)</p><p>$5.99</p><a href="https://www.amazon.com/dp/B09SV8J649?tag=eloabder-20&linkCode=osi&th=1&psc=1">View Product</a></div><div class="product"><a href="https://www.amazon.com/dp/B0BHZXPXW9?tag=eloabder-20&linkCode=osi&th=1&psc=1"><img src="https://m.media-amazon.com/images/I/51gioz5VnSL._SL500_.jpg" alt="Product Image"></a><p>MSUPSAV Gardening Gloves for Gardening,Synthetic Leather Garden Gloves,Work Gloves with Touch Screen,Best Gifts for Women,Green, Medium</p><p>$11.99</p><a href="https://www.amazon.com/dp/B0BHZXPXW9?tag=eloabder-20&linkCode=osi&th=1&psc=1">View Product</a></div><div class="product"><a href="https://www.amazon.com/dp/B0B5RFV1BK?tag=eloabder-20&linkCode=osi&th=1&psc=1"><img src="https://m.media-amazon.com/images/I/51bX+IeFx+L._SL500_.jpg" alt="Product Image"></a><p>MSUPSAV Genuine Leather Gardening Gloves,Thornproof & Puncture Resistant Garden Gloves,Gardening Gloves for Women,Long Garden Gloves,Rose Gloves,Garden Gifts(Small, Tuilp)</p><p>$15.99</p><a href="https://www.amazon.com/dp/B0B5RFV1BK?tag=eloabder-20&linkCode=osi&th=1&psc=1">View Product</a></div>
<div class="product"><a href="https://www.amazon.com/dp/B0D149L1VC?tag=eloabder-20&linkCode=osi&th=1&psc=1"><img src="https://m.media-amazon.com/images/I/41RVIeji+QL._SL500_.jpg" alt="Product Image"></a><p>HLDD HANDLANDY Gardening Gloves Long Sleeve for Women and Men Leather Garden Gloves for Yard & Outdoor Work, Golden Yellow, XL</p><p>$15.98</p><a href="https://www.amazon.com/dp/B0D149L1VC?tag=eloabder-20&linkCode=osi&th=1&psc=1">View Product</a></div>














<div class="product"><a href="https://www.amazon.com/dp/B0BZBTV7FM?tag=eloabder-20&linkCode=osi&th=1&psc=1"><img src="https://m.media-amazon.com/images/I/41rGR7+6sHL._SL500_.jpg" alt="Product Image"></a><p>Fly Fans for Tables, Fly Fan Indoor Outdoor with Holographic Blades, Batteries Powered Fly Fans Outdoor for Picnic, Party, Restaurant, Kitchen, and BBQ, 4 Pack</p><p>$29.99 ($7.50 / Count)</p><a href="https://www.amazon.com/dp/B0BZBTV7FM?tag=eloabder-20&linkCode=osi&th=1&psc=1">View Product</a></div>
<div class="product"><a href="https://www.amazon.com/dp/B01N6706BP?tag=eloabder-20&linkCode=osi&th=1&psc=1"><img src="https://m.media-amazon.com/images/I/51RI47QQRVL._SL500_.jpg" alt="Product Image"></a><p>Gardzen 3-Pack 72 Gallons Garden Bag - Reuseable Heavy Duty Gardening Bags, Lawn Pool Garden Leaf Waste Bag</p><p>$22.99 ($7.66 / Count)</p><a href="https://www.amazon.com/dp/B01N6706BP?tag=eloabder-20&linkCode=osi&th=1&psc=1">View Product</a></div><div class="product"><a href="https://www.amazon.com/dp/B07BR52P26?tag=eloabder-20&linkCode=osi&th=1&psc=1"><img src="https://m.media-amazon.com/images/I/41TsWY51fbL._SL500_.jpg" alt="Product Image"></a><p>SONKIR Soil pH Meter, MS02 3-in-1 Soil Moisture/Light/pH Tester Gardening Tool Kits for Plant Care, Great for Garden, Lawn, Farm, Indoor & Outdoor Use (Green)</p><p>$9.99</p><a href="https://www.amazon.com/dp/B07BR52P26?tag=eloabder-20&linkCode=osi&th=1&psc=1">View Product</a></div>
<div class="product"><a href="https://www.amazon.com/dp/B09S7YL4QV?tag=eloabder-20&linkCode=osi&th=1&psc=1"><img src="https://m.media-amazon.com/images/I/51eFJ8Uv1xL._SL500_.jpg" alt="Product Image"></a><p>Burpee SuperSeed Seed Starting Tray | 36 Cell Reusable Seed Starter Tray | for Starting Vegetable, Flower & Herb Seeds | Indoor Grow Kit for Plant Seedlings | for Germination Success</p><p>$11.97</p><a href="https://www.amazon.com/dp/B09S7YL4QV?tag=eloabder-20&linkCode=osi&th=1&psc=1">View Product</a></div><div class="product"><a href="https://www.amazon.com/dp/B01MU394JM?tag=eloabder-20&linkCode=osi&th=1&psc=1"><img src="https://m.media-amazon.com/images/I/517TE2AFBZL._SL500_.jpg" alt="Product Image"></a><p>Miracle-Gro Shake 'N Feed Tomato, Fruit & Vegetable Plant Food, 1 lb.</p><p>$8.08 ($0.50 / Ounce)</p><a href="https://www.amazon.com/dp/B01MU394JM?tag=eloabder-20&linkCode=osi&th=1&psc=1">View Product</a></div>
<div class="product"><a href="https://www.amazon.com/dp/B09SV8J649?tag=eloabder-20&linkCode=osi&th=1&psc=1"><img src="https://m.media-amazon.com/images/I/51G3IdGm9mL._SL500_.jpg" alt="Product Image"></a><p>Miracle-Gro Women's Nitrile Coated Grip Floral Pattern Gardening Work Gloves, Extreme Comfort, Excellent Grip, Water Resistant, Pink/Purple, Small, (MG37126/WSM)</p><p>$5.99</p><a href="https://www.amazon.com/dp/B09SV8J649?tag=eloabder-20&linkCode=osi&th=1&psc=1">View Product</a></div><div class="product"><a href="https://www.amazon.com/dp/B0BHZXPXW9?tag=eloabder-20&linkCode=osi&th=1&psc=1"><img src="https://m.media-amazon.com/images/I/51gioz5VnSL._SL500_.jpg" alt="Product Image"></a><p>MSUPSAV Gardening Gloves for Gardening,Synthetic Leather Garden Gloves,Work Gloves with Touch Screen,Best Gifts for Women,Green, Medium</p><p>$11.99</p><a href="https://www.amazon.com/dp/B0BHZXPXW9?tag=eloabder-20&linkCode=osi&th=1&psc=1">View Product</a></div><div class="product"><a href="https://www.amazon.com/dp/B0B5RFV1BK?tag=eloabder-20&linkCode=osi&th=1&psc=1"><img src="https://m.media-amazon.com/images/I/51bX+IeFx+L._SL500_.jpg" alt="Product Image"></a><p>MSUPSAV Genuine Leather Gardening Gloves,Thornproof & Puncture Resistant Garden Gloves,Gardening Gloves for Women,Long Garden Gloves,Rose Gloves,Garden Gifts(Small, Tuilp)</p><p>$15.99</p><a href="https://www.amazon.com/dp/B0B5RFV1BK?tag=eloabder-20&linkCode=osi&th=1&psc=1">View Product</a></div>
<div class="product"><a href="https://www.amazon.com/dp/B0D149L1VC?tag=eloabder-20&linkCode=osi&th=1&psc=1"><img src="https://m.media-amazon.com/images/I/41RVIeji+QL._SL500_.jpg" alt="Product Image"></a><p>HLDD HANDLANDY Gardening Gloves Long Sleeve for Women and Men Leather Garden Gloves for Yard & Outdoor Work, Golden Yellow, XL</p><p>$15.98</p><a href="https://www.amazon.com/dp/B0D149L1VC?tag=eloabder-20&linkCode=osi&th=1&psc=1">View Product</a></div>















<div class="product"><a href="https://www.amazon.com/dp/B0BZBTV7FM?tag=eloabder-20&linkCode=osi&th=1&psc=1"><img src="https://m.media-amazon.com/images/I/41rGR7+6sHL._SL500_.jpg" alt="Product Image"></a><p>Fly Fans for Tables, Fly Fan Indoor Outdoor with Holographic Blades, Batteries Powered Fly Fans Outdoor for Picnic, Party, Restaurant, Kitchen, and BBQ, 4 Pack</p><p>$29.99 ($7.50 / Count)</p><a href="https://www.amazon.com/dp/B0BZBTV7FM?tag=eloabder-20&linkCode=osi&th=1&psc=1">View Product</a></div>
<div class="product"><a href="https://www.amazon.com/dp/B01N6706BP?tag=eloabder-20&linkCode=osi&th=1&psc=1"><img src="https://m.media-amazon.com/images/I/51RI47QQRVL._SL500_.jpg" alt="Product Image"></a><p>Gardzen 3-Pack 72 Gallons Garden Bag - Reuseable Heavy Duty Gardening Bags, Lawn Pool Garden Leaf Waste Bag</p><p>$22.99 ($7.66 / Count)</p><a href="https://www.amazon.com/dp/B01N6706BP?tag=eloabder-20&linkCode=osi&th=1&psc=1">View Product</a></div><div class="product"><a href="https://www.amazon.com/dp/B07BR52P26?tag=eloabder-20&linkCode=osi&th=1&psc=1"><img src="https://m.media-amazon.com/images/I/41TsWY51fbL._SL500_.jpg" alt="Product Image"></a><p>SONKIR Soil pH Meter, MS02 3-in-1 Soil Moisture/Light/pH Tester Gardening Tool Kits for Plant Care, Great for Garden, Lawn, Farm, Indoor & Outdoor Use (Green)</p><p>$9.99</p><a href="https://www.amazon.com/dp/B07BR52P26?tag=eloabder-20&linkCode=osi&th=1&psc=1">View Product</a></div>
<div class="product"><a href="https://www.amazon.com/dp/B09S7YL4QV?tag=eloabder-20&linkCode=osi&th=1&psc=1"><img src="https://m.media-amazon.com/images/I/51eFJ8Uv1xL._SL500_.jpg" alt="Product Image"></a><p>Burpee SuperSeed Seed Starting Tray | 36 Cell Reusable Seed Starter Tray | for Starting Vegetable, Flower & Herb Seeds | Indoor Grow Kit for Plant Seedlings | for Germination Success</p><p>$11.97</p><a href="https://www.amazon.com/dp/B09S7YL4QV?tag=eloabder-20&linkCode=osi&th=1&psc=1">View Product</a></div><div class="product"><a href="https://www.amazon.com/dp/B01MU394JM?tag=eloabder-20&linkCode=osi&th=1&psc=1"><img src="https://m.media-amazon.com/images/I/517TE2AFBZL._SL500_.jpg" alt="Product Image"></a><p>Miracle-Gro Shake 'N Feed Tomato, Fruit & Vegetable Plant Food, 1 lb.</p><p>$8.08 ($0.50 / Ounce)</p><a href="https://www.amazon.com/dp/B01MU394JM?tag=eloabder-20&linkCode=osi&th=1&psc=1">View Product</a></div>
<div class="product"><a href="https://www.amazon.com/dp/B09SV8J649?tag=eloabder-20&linkCode=osi&th=1&psc=1"><img src="https://m.media-amazon.com/images/I/51G3IdGm9mL._SL500_.jpg" alt="Product Image"></a><p>Miracle-Gro Women's Nitrile Coated Grip Floral Pattern Gardening Work Gloves, Extreme Comfort, Excellent Grip, Water Resistant, Pink/Purple, Small, (MG37126/WSM)</p><p>$5.99</p><a href="https://www.amazon.com/dp/B09SV8J649?tag=eloabder-20&linkCode=osi&th=1&psc=1">View Product</a></div><div class="product"><a href="https://www.amazon.com/dp/B0BHZXPXW9?tag=eloabder-20&linkCode=osi&th=1&psc=1"><img src="https://m.media-amazon.com/images/I/51gioz5VnSL._SL500_.jpg" alt="Product Image"></a><p>MSUPSAV Gardening Gloves for Gardening,Synthetic Leather Garden Gloves,Work Gloves with Touch Screen,Best Gifts for Women,Green, Medium</p><p>$11.99</p><a href="https://www.amazon.com/dp/B0BHZXPXW9?tag=eloabder-20&linkCode=osi&th=1&psc=1">View Product</a></div><div class="product"><a href="https://www.amazon.com/dp/B0B5RFV1BK?tag=eloabder-20&linkCode=osi&th=1&psc=1"><img src="https://m.media-amazon.com/images/I/51bX+IeFx+L._SL500_.jpg" alt="Product Image"></a><p>MSUPSAV Genuine Leather Gardening Gloves,Thornproof & Puncture Resistant Garden Gloves,Gardening Gloves for Women,Long Garden Gloves,Rose Gloves,Garden Gifts(Small, Tuilp)</p><p>$15.99</p><a href="https://www.amazon.com/dp/B0B5RFV1BK?tag=eloabder-20&linkCode=osi&th=1&psc=1">View Product</a></div>
<div class="product"><a href="https://www.amazon.com/dp/B0D149L1VC?tag=eloabder-20&linkCode=osi&th=1&psc=1"><img src="https://m.media-amazon.com/images/I/41RVIeji+QL._SL500_.jpg" alt="Product Image"></a><p>HLDD HANDLANDY Gardening Gloves Long Sleeve for Women and Men Leather Garden Gloves for Yard & Outdoor Work, Golden Yellow, XL</p><p>$15.98</p><a href="https://www.amazon.com/dp/B0D149L1VC?tag=eloabder-20&linkCode=osi&th=1&psc=1">View Product</a></div>
















<div class="product"><a href="https://www.amazon.com/dp/B0BZBTV7FM?tag=eloabder-20&linkCode=osi&th=1&psc=1"><img src="https://m.media-amazon.com/images/I/41rGR7+6sHL._SL500_.jpg" alt="Product Image"></a><p>Fly Fans for Tables, Fly Fan Indoor Outdoor with Holographic Blades, Batteries Powered Fly Fans Outdoor for Picnic, Party, Restaurant, Kitchen, and BBQ, 4 Pack</p><p>$29.99 ($7.50 / Count)</p><a href="https://www.amazon.com/dp/B0BZBTV7FM?tag=eloabder-20&linkCode=osi&th=1&psc=1">View Product</a></div>
<div class="product"><a href="https://www.amazon.com/dp/B01N6706BP?tag=eloabder-20&linkCode=osi&th=1&psc=1"><img src="https://m.media-amazon.com/images/I/51RI47QQRVL._SL500_.jpg" alt="Product Image"></a><p>Gardzen 3-Pack 72 Gallons Garden Bag - Reuseable Heavy Duty Gardening Bags, Lawn Pool Garden Leaf Waste Bag</p><p>$22.99 ($7.66 / Count)</p><a href="https://www.amazon.com/dp/B01N6706BP?tag=eloabder-20&linkCode=osi&th=1&psc=1">View Product</a></div><div class="product"><a href="https://www.amazon.com/dp/B07BR52P26?tag=eloabder-20&linkCode=osi&th=1&psc=1"><img src="https://m.media-amazon.com/images/I/41TsWY51fbL._SL500_.jpg" alt="Product Image"></a><p>SONKIR Soil pH Meter, MS02 3-in-1 Soil Moisture/Light/pH Tester Gardening Tool Kits for Plant Care, Great for Garden, Lawn, Farm, Indoor & Outdoor Use (Green)</p><p>$9.99</p><a href="https://www.amazon.com/dp/B07BR52P26?tag=eloabder-20&linkCode=osi&th=1&psc=1">View Product</a></div>
<div class="product"><a href="https://www.amazon.com/dp/B09S7YL4QV?tag=eloabder-20&linkCode=osi&th=1&psc=1"><img src="https://m.media-amazon.com/images/I/51eFJ8Uv1xL._SL500_.jpg" alt="Product Image"></a><p>Burpee SuperSeed Seed Starting Tray | 36 Cell Reusable Seed Starter Tray | for Starting Vegetable, Flower & Herb Seeds | Indoor Grow Kit for Plant Seedlings | for Germination Success</p><p>$11.97</p><a href="https://www.amazon.com/dp/B09S7YL4QV?tag=eloabder-20&linkCode=osi&th=1&psc=1">View Product</a></div><div class="product"><a href="https://www.amazon.com/dp/B01MU394JM?tag=eloabder-20&linkCode=osi&th=1&psc=1"><img src="https://m.media-amazon.com/images/I/517TE2AFBZL._SL500_.jpg" alt="Product Image"></a><p>Miracle-Gro Shake 'N Feed Tomato, Fruit & Vegetable Plant Food, 1 lb.</p><p>$8.08 ($0.50 / Ounce)</p><a href="https://www.amazon.com/dp/B01MU394JM?tag=eloabder-20&linkCode=osi&th=1&psc=1">View Product</a></div>
<div class="product"><a href="https://www.amazon.com/dp/B09SV8J649?tag=eloabder-20&linkCode=osi&th=1&psc=1"><img src="https://m.media-amazon.com/images/I/51G3IdGm9mL._SL500_.jpg" alt="Product Image"></a><p>Miracle-Gro Women's Nitrile Coated Grip Floral Pattern Gardening Work Gloves, Extreme Comfort, Excellent Grip, Water Resistant, Pink/Purple, Small, (MG37126/WSM)</p><p>$5.99</p><a href="https://www.amazon.com/dp/B09SV8J649?tag=eloabder-20&linkCode=osi&th=1&psc=1">View Product</a></div><div class="product"><a href="https://www.amazon.com/dp/B0BHZXPXW9?tag=eloabder-20&linkCode=osi&th=1&psc=1"><img src="https://m.media-amazon.com/images/I/51gioz5VnSL._SL500_.jpg" alt="Product Image"></a><p>MSUPSAV Gardening Gloves for Gardening,Synthetic Leather Garden Gloves,Work Gloves with Touch Screen,Best Gifts for Women,Green, Medium</p><p>$11.99</p><a href="https://www.amazon.com/dp/B0BHZXPXW9?tag=eloabder-20&linkCode=osi&th=1&psc=1">View Product</a></div><div class="product"><a href="https://www.amazon.com/dp/B0B5RFV1BK?tag=eloabder-20&linkCode=osi&th=1&psc=1"><img src="https://m.media-amazon.com/images/I/51bX+IeFx+L._SL500_.jpg" alt="Product Image"></a><p>MSUPSAV Genuine Leather Gardening Gloves,Thornproof & Puncture Resistant Garden Gloves,Gardening Gloves for Women,Long Garden Gloves,Rose Gloves,Garden Gifts(Small, Tuilp)</p><p>$15.99</p><a href="https://www.amazon.com/dp/B0B5RFV1BK?tag=eloabder-20&linkCode=osi&th=1&psc=1">View Product</a></div>
<div class="product"><a href="https://www.amazon.com/dp/B0D149L1VC?tag=eloabder-20&linkCode=osi&th=1&psc=1"><img src="https://m.media-amazon.com/images/I/41RVIeji+QL._SL500_.jpg" alt="Product Image"></a><p>HLDD HANDLANDY Gardening Gloves Long Sleeve for Women and Men Leather Garden Gloves for Yard & Outdoor Work, Golden Yellow, XL</p><p>$15.98</p><a href="https://www.amazon.com/dp/B0D149L1VC?tag=eloabder-20&linkCode=osi&th=1&psc=1">View Product</a></div>

















<div class="product"><a href="https://www.amazon.com/dp/B0BZBTV7FM?tag=eloabder-20&linkCode=osi&th=1&psc=1"><img src="https://m.media-amazon.com/images/I/41rGR7+6sHL._SL500_.jpg" alt="Product Image"></a><p>Fly Fans for Tables, Fly Fan Indoor Outdoor with Holographic Blades, Batteries Powered Fly Fans Outdoor for Picnic, Party, Restaurant, Kitchen, and BBQ, 4 Pack</p><p>$29.99 ($7.50 / Count)</p><a href="https://www.amazon.com/dp/B0BZBTV7FM?tag=eloabder-20&linkCode=osi&th=1&psc=1">View Product</a></div>
<div class="product"><a href="https://www.amazon.com/dp/B01N6706BP?tag=eloabder-20&linkCode=osi&th=1&psc=1"><img src="https://m.media-amazon.com/images/I/51RI47QQRVL._SL500_.jpg" alt="Product Image"></a><p>Gardzen 3-Pack 72 Gallons Garden Bag - Reuseable Heavy Duty Gardening Bags, Lawn Pool Garden Leaf Waste Bag</p><p>$22.99 ($7.66 / Count)</p><a href="https://www.amazon.com/dp/B01N6706BP?tag=eloabder-20&linkCode=osi&th=1&psc=1">View Product</a></div><div class="product"><a href="https://www.amazon.com/dp/B07BR52P26?tag=eloabder-20&linkCode=osi&th=1&psc=1"><img src="https://m.media-amazon.com/images/I/41TsWY51fbL._SL500_.jpg" alt="Product Image"></a><p>SONKIR Soil pH Meter, MS02 3-in-1 Soil Moisture/Light/pH Tester Gardening Tool Kits for Plant Care, Great for Garden, Lawn, Farm, Indoor & Outdoor Use (Green)</p><p>$9.99</p><a href="https://www.amazon.com/dp/B07BR52P26?tag=eloabder-20&linkCode=osi&th=1&psc=1">View Product</a></div>
<div class="product"><a href="https://www.amazon.com/dp/B09S7YL4QV?tag=eloabder-20&linkCode=osi&th=1&psc=1"><img src="https://m.media-amazon.com/images/I/51eFJ8Uv1xL._SL500_.jpg" alt="Product Image"></a><p>Burpee SuperSeed Seed Starting Tray | 36 Cell Reusable Seed Starter Tray | for Starting Vegetable, Flower & Herb Seeds | Indoor Grow Kit for Plant Seedlings | for Germination Success</p><p>$11.97</p><a href="https://www.amazon.com/dp/B09S7YL4QV?tag=eloabder-20&linkCode=osi&th=1&psc=1">View Product</a></div><div class="product"><a href="https://www.amazon.com/dp/B01MU394JM?tag=eloabder-20&linkCode=osi&th=1&psc=1"><img src="https://m.media-amazon.com/images/I/517TE2AFBZL._SL500_.jpg" alt="Product Image"></a><p>Miracle-Gro Shake 'N Feed Tomato, Fruit & Vegetable Plant Food, 1 lb.</p><p>$8.08 ($0.50 / Ounce)</p><a href="https://www.amazon.com/dp/B01MU394JM?tag=eloabder-20&linkCode=osi&th=1&psc=1">View Product</a></div>
<div class="product"><a href="https://www.amazon.com/dp/B09SV8J649?tag=eloabder-20&linkCode=osi&th=1&psc=1"><img src="https://m.media-amazon.com/images/I/51G3IdGm9mL._SL500_.jpg" alt="Product Image"></a><p>Miracle-Gro Women's Nitrile Coated Grip Floral Pattern Gardening Work Gloves, Extreme Comfort, Excellent Grip, Water Resistant, Pink/Purple, Small, (MG37126/WSM)</p><p>$5.99</p><a href="https://www.amazon.com/dp/B09SV8J649?tag=eloabder-20&linkCode=osi&th=1&psc=1">View Product</a></div><div class="product"><a href="https://www.amazon.com/dp/B0BHZXPXW9?tag=eloabder-20&linkCode=osi&th=1&psc=1"><img src="https://m.media-amazon.com/images/I/51gioz5VnSL._SL500_.jpg" alt="Product Image"></a><p>MSUPSAV Gardening Gloves for Gardening,Synthetic Leather Garden Gloves,Work Gloves with Touch Screen,Best Gifts for Women,Green, Medium</p><p>$11.99</p><a href="https://www.amazon.com/dp/B0BHZXPXW9?tag=eloabder-20&linkCode=osi&th=1&psc=1">View Product</a></div><div class="product"><a href="https://www.amazon.com/dp/B0B5RFV1BK?tag=eloabder-20&linkCode=osi&th=1&psc=1"><img src="https://m.media-amazon.com/images/I/51bX+IeFx+L._SL500_.jpg" alt="Product Image"></a><p>MSUPSAV Genuine Leather Gardening Gloves,Thornproof & Puncture Resistant Garden Gloves,Gardening Gloves for Women,Long Garden Gloves,Rose Gloves,Garden Gifts(Small, Tuilp)</p><p>$15.99</p><a href="https://www.amazon.com/dp/B0B5RFV1BK?tag=eloabder-20&linkCode=osi&th=1&psc=1">View Product</a></div>
<div class="product"><a href="https://www.amazon.com/dp/B0D149L1VC?tag=eloabder-20&linkCode=osi&th=1&psc=1"><img src="https://m.media-amazon.com/images/I/41RVIeji+QL._SL500_.jpg" alt="Product Image"></a><p>HLDD HANDLANDY Gardening Gloves Long Sleeve for Women and Men Leather Garden Gloves for Yard & Outdoor Work, Golden Yellow, XL</p><p>$15.98</p><a href="https://www.amazon.com/dp/B0D149L1VC?tag=eloabder-20&linkCode=osi&th=1&psc=1">View Product</a></div>


















<div class="product"><a href="https://www.amazon.com/dp/B0BZBTV7FM?tag=eloabder-20&linkCode=osi&th=1&psc=1"><img src="https://m.media-amazon.com/images/I/41rGR7+6sHL._SL500_.jpg" alt="Product Image"></a><p>Fly Fans for Tables, Fly Fan Indoor Outdoor with Holographic Blades, Batteries Powered Fly Fans Outdoor for Picnic, Party, Restaurant, Kitchen, and BBQ, 4 Pack</p><p>$29.99 ($7.50 / Count)</p><a href="https://www.amazon.com/dp/B0BZBTV7FM?tag=eloabder-20&linkCode=osi&th=1&psc=1">View Product</a></div>
<div class="product"><a href="https://www.amazon.com/dp/B01N6706BP?tag=eloabder-20&linkCode=osi&th=1&psc=1"><img src="https://m.media-amazon.com/images/I/51RI47QQRVL._SL500_.jpg" alt="Product Image"></a><p>Gardzen 3-Pack 72 Gallons Garden Bag - Reuseable Heavy Duty Gardening Bags, Lawn Pool Garden Leaf Waste Bag</p><p>$22.99 ($7.66 / Count)</p><a href="https://www.amazon.com/dp/B01N6706BP?tag=eloabder-20&linkCode=osi&th=1&psc=1">View Product</a></div><div class="product"><a href="https://www.amazon.com/dp/B07BR52P26?tag=eloabder-20&linkCode=osi&th=1&psc=1"><img src="https://m.media-amazon.com/images/I/41TsWY51fbL._SL500_.jpg" alt="Product Image"></a><p>SONKIR Soil pH Meter, MS02 3-in-1 Soil Moisture/Light/pH Tester Gardening Tool Kits for Plant Care, Great for Garden, Lawn, Farm, Indoor & Outdoor Use (Green)</p><p>$9.99</p><a href="https://www.amazon.com/dp/B07BR52P26?tag=eloabder-20&linkCode=osi&th=1&psc=1">View Product</a></div>
<div class="product"><a href="https://www.amazon.com/dp/B09S7YL4QV?tag=eloabder-20&linkCode=osi&th=1&psc=1"><img src="https://m.media-amazon.com/images/I/51eFJ8Uv1xL._SL500_.jpg" alt="Product Image"></a><p>Burpee SuperSeed Seed Starting Tray | 36 Cell Reusable Seed Starter Tray | for Starting Vegetable, Flower & Herb Seeds | Indoor Grow Kit for Plant Seedlings | for Germination Success</p><p>$11.97</p><a href="https://www.amazon.com/dp/B09S7YL4QV?tag=eloabder-20&linkCode=osi&th=1&psc=1">View Product</a></div><div class="product"><a href="https://www.amazon.com/dp/B01MU394JM?tag=eloabder-20&linkCode=osi&th=1&psc=1"><img src="https://m.media-amazon.com/images/I/517TE2AFBZL._SL500_.jpg" alt="Product Image"></a><p>Miracle-Gro Shake 'N Feed Tomato, Fruit & Vegetable Plant Food, 1 lb.</p><p>$8.08 ($0.50 / Ounce)</p><a href="https://www.amazon.com/dp/B01MU394JM?tag=eloabder-20&linkCode=osi&th=1&psc=1">View Product</a></div>
<div class="product"><a href="https://www.amazon.com/dp/B09SV8J649?tag=eloabder-20&linkCode=osi&th=1&psc=1"><img src="https://m.media-amazon.com/images/I/51G3IdGm9mL._SL500_.jpg" alt="Product Image"></a><p>Miracle-Gro Women's Nitrile Coated Grip Floral Pattern Gardening Work Gloves, Extreme Comfort, Excellent Grip, Water Resistant, Pink/Purple, Small, (MG37126/WSM)</p><p>$5.99</p><a href="https://www.amazon.com/dp/B09SV8J649?tag=eloabder-20&linkCode=osi&th=1&psc=1">View Product</a></div><div class="product"><a href="https://www.amazon.com/dp/B0BHZXPXW9?tag=eloabder-20&linkCode=osi&th=1&psc=1"><img src="https://m.media-amazon.com/images/I/51gioz5VnSL._SL500_.jpg" alt="Product Image"></a><p>MSUPSAV Gardening Gloves for Gardening,Synthetic Leather Garden Gloves,Work Gloves with Touch Screen,Best Gifts for Women,Green, Medium</p><p>$11.99</p><a href="https://www.amazon.com/dp/B0BHZXPXW9?tag=eloabder-20&linkCode=osi&th=1&psc=1">View Product</a></div><div class="product"><a href="https://www.amazon.com/dp/B0B5RFV1BK?tag=eloabder-20&linkCode=osi&th=1&psc=1"><img src="https://m.media-amazon.com/images/I/51bX+IeFx+L._SL500_.jpg" alt="Product Image"></a><p>MSUPSAV Genuine Leather Gardening Gloves,Thornproof & Puncture Resistant Garden Gloves,Gardening Gloves for Women,Long Garden Gloves,Rose Gloves,Garden Gifts(Small, Tuilp)</p><p>$15.99</p><a href="https://www.amazon.com/dp/B0B5RFV1BK?tag=eloabder-20&linkCode=osi&th=1&psc=1">View Product</a></div>
<div class="product"><a href="https://www.amazon.com/dp/B0D149L1VC?tag=eloabder-20&linkCode=osi&th=1&psc=1"><img src="https://m.media-amazon.com/images/I/41RVIeji+QL._SL500_.jpg" alt="Product Image"></a><p>HLDD HANDLANDY Gardening Gloves Long Sleeve for Women and Men Leather Garden Gloves for Yard & Outdoor Work, Golden Yellow, XL</p><p>$15.98</p><a href="https://www.amazon.com/dp/B0D149L1VC?tag=eloabder-20&linkCode=osi&th=1&psc=1">View Product</a></div>



















<div class="product"><a href="https://www.amazon.com/dp/B0BZBTV7FM?tag=eloabder-20&linkCode=osi&th=1&psc=1"><img src="https://m.media-amazon.com/images/I/41rGR7+6sHL._SL500_.jpg" alt="Product Image"></a><p>Fly Fans for Tables, Fly Fan Indoor Outdoor with Holographic Blades, Batteries Powered Fly Fans Outdoor for Picnic, Party, Restaurant, Kitchen, and BBQ, 4 Pack</p><p>$29.99 ($7.50 / Count)</p><a href="https://www.amazon.com/dp/B0BZBTV7FM?tag=eloabder-20&linkCode=osi&th=1&psc=1">View Product</a></div>
<div class="product"><a href="https://www.amazon.com/dp/B01N6706BP?tag=eloabder-20&linkCode=osi&th=1&psc=1"><img src="https://m.media-amazon.com/images/I/51RI47QQRVL._SL500_.jpg" alt="Product Image"></a><p>Gardzen 3-Pack 72 Gallons Garden Bag - Reuseable Heavy Duty Gardening Bags, Lawn Pool Garden Leaf Waste Bag</p><p>$22.99 ($7.66 / Count)</p><a href="https://www.amazon.com/dp/B01N6706BP?tag=eloabder-20&linkCode=osi&th=1&psc=1">View Product</a></div><div class="product"><a href="https://www.amazon.com/dp/B07BR52P26?tag=eloabder-20&linkCode=osi&th=1&psc=1"><img src="https://m.media-amazon.com/images/I/41TsWY51fbL._SL500_.jpg" alt="Product Image"></a><p>SONKIR Soil pH Meter, MS02 3-in-1 Soil Moisture/Light/pH Tester Gardening Tool Kits for Plant Care, Great for Garden, Lawn, Farm, Indoor & Outdoor Use (Green)</p><p>$9.99</p><a href="https://www.amazon.com/dp/B07BR52P26?tag=eloabder-20&linkCode=osi&th=1&psc=1">View Product</a></div>
<div class="product"><a href="https://www.amazon.com/dp/B09S7YL4QV?tag=eloabder-20&linkCode=osi&th=1&psc=1"><img src="https://m.media-amazon.com/images/I/51eFJ8Uv1xL._SL500_.jpg" alt="Product Image"></a><p>Burpee SuperSeed Seed Starting Tray | 36 Cell Reusable Seed Starter Tray | for Starting Vegetable, Flower & Herb Seeds | Indoor Grow Kit for Plant Seedlings | for Germination Success</p><p>$11.97</p><a href="https://www.amazon.com/dp/B09S7YL4QV?tag=eloabder-20&linkCode=osi&th=1&psc=1">View Product</a></div><div class="product"><a href="https://www.amazon.com/dp/B01MU394JM?tag=eloabder-20&linkCode=osi&th=1&psc=1"><img src="https://m.media-amazon.com/images/I/517TE2AFBZL._SL500_.jpg" alt="Product Image"></a><p>Miracle-Gro Shake 'N Feed Tomato, Fruit & Vegetable Plant Food, 1 lb.</p><p>$8.08 ($0.50 / Ounce)</p><a href="https://www.amazon.com/dp/B01MU394JM?tag=eloabder-20&linkCode=osi&th=1&psc=1">View Product</a></div>
<div class="product"><a href="https://www.amazon.com/dp/B09SV8J649?tag=eloabder-20&linkCode=osi&th=1&psc=1"><img src="https://m.media-amazon.com/images/I/51G3IdGm9mL._SL500_.jpg" alt="Product Image"></a><p>Miracle-Gro Women's Nitrile Coated Grip Floral Pattern Gardening Work Gloves, Extreme Comfort, Excellent Grip, Water Resistant, Pink/Purple, Small, (MG37126/WSM)</p><p>$5.99</p><a href="https://www.amazon.com/dp/B09SV8J649?tag=eloabder-20&linkCode=osi&th=1&psc=1">View Product</a></div><div class="product"><a href="https://www.amazon.com/dp/B0BHZXPXW9?tag=eloabder-20&linkCode=osi&th=1&psc=1"><img src="https://m.media-amazon.com/images/I/51gioz5VnSL._SL500_.jpg" alt="Product Image"></a><p>MSUPSAV Gardening Gloves for Gardening,Synthetic Leather Garden Gloves,Work Gloves with Touch Screen,Best Gifts for Women,Green, Medium</p><p>$11.99</p><a href="https://www.amazon.com/dp/B0BHZXPXW9?tag=eloabder-20&linkCode=osi&th=1&psc=1">View Product</a></div><div class="product"><a href="https://www.amazon.com/dp/B0B5RFV1BK?tag=eloabder-20&linkCode=osi&th=1&psc=1"><img src="https://m.media-amazon.com/images/I/51bX+IeFx+L._SL500_.jpg" alt="Product Image"></a><p>MSUPSAV Genuine Leather Gardening Gloves,Thornproof & Puncture Resistant Garden Gloves,Gardening Gloves for Women,Long Garden Gloves,Rose Gloves,Garden Gifts(Small, Tuilp)</p><p>$15.99</p><a href="https://www.amazon.com/dp/B0B5RFV1BK?tag=eloabder-20&linkCode=osi&th=1&psc=1">View Product</a></div>
<div class="product"><a href="https://www.amazon.com/dp/B0D149L1VC?tag=eloabder-20&linkCode=osi&th=1&psc=1"><img src="https://m.media-amazon.com/images/I/41RVIeji+QL._SL500_.jpg" alt="Product Image"></a><p>HLDD HANDLANDY Gardening Gloves Long Sleeve for Women and Men Leather Garden Gloves for Yard & Outdoor Work, Golden Yellow, XL</p><p>$15.98</p><a href="https://www.amazon.com/dp/B0D149L1VC?tag=eloabder-20&linkCode=osi&th=1&psc=1">View Product</a></div>




















<div class="product"><a href="https://www.amazon.com/dp/B0BZBTV7FM?tag=eloabder-20&linkCode=osi&th=1&psc=1"><img src="https://m.media-amazon.com/images/I/41rGR7+6sHL._SL500_.jpg" alt="Product Image"></a><p>Fly Fans for Tables, Fly Fan Indoor Outdoor with Holographic Blades, Batteries Powered Fly Fans Outdoor for Picnic, Party, Restaurant, Kitchen, and BBQ, 4 Pack</p><p>$29.99 ($7.50 / Count)</p><a href="https://www.amazon.com/dp/B0BZBTV7FM?tag=eloabder-20&linkCode=osi&th=1&psc=1">View Product</a></div>
<div class="product"><a href="https://www.amazon.com/dp/B01N6706BP?tag=eloabder-20&linkCode=osi&th=1&psc=1"><img src="https://m.media-amazon.com/images/I/51RI47QQRVL._SL500_.jpg" alt="Product Image"></a><p>Gardzen 3-Pack 72 Gallons Garden Bag - Reuseable Heavy Duty Gardening Bags, Lawn Pool Garden Leaf Waste Bag</p><p>$22.99 ($7.66 / Count)</p><a href="https://www.amazon.com/dp/B01N6706BP?tag=eloabder-20&linkCode=osi&th=1&psc=1">View Product</a></div><div class="product"><a href="https://www.amazon.com/dp/B07BR52P26?tag=eloabder-20&linkCode=osi&th=1&psc=1"><img src="https://m.media-amazon.com/images/I/41TsWY51fbL._SL500_.jpg" alt="Product Image"></a><p>SONKIR Soil pH Meter, MS02 3-in-1 Soil Moisture/Light/pH Tester Gardening Tool Kits for Plant Care, Great for Garden, Lawn, Farm, Indoor & Outdoor Use (Green)</p><p>$9.99</p><a href="https://www.amazon.com/dp/B07BR52P26?tag=eloabder-20&linkCode=osi&th=1&psc=1">View Product</a></div>
<div class="product"><a href="https://www.amazon.com/dp/B09S7YL4QV?tag=eloabder-20&linkCode=osi&th=1&psc=1"><img src="https://m.media-amazon.com/images/I/51eFJ8Uv1xL._SL500_.jpg" alt="Product Image"></a><p>Burpee SuperSeed Seed Starting Tray | 36 Cell Reusable Seed Starter Tray | for Starting Vegetable, Flower & Herb Seeds | Indoor Grow Kit for Plant Seedlings | for Germination Success</p><p>$11.97</p><a href="https://www.amazon.com/dp/B09S7YL4QV?tag=eloabder-20&linkCode=osi&th=1&psc=1">View Product</a></div><div class="product"><a href="https://www.amazon.com/dp/B01MU394JM?tag=eloabder-20&linkCode=osi&th=1&psc=1"><img src="https://m.media-amazon.com/images/I/517TE2AFBZL._SL500_.jpg" alt="Product Image"></a><p>Miracle-Gro Shake 'N Feed Tomato, Fruit & Vegetable Plant Food, 1 lb.</p><p>$8.08 ($0.50 / Ounce)</p><a href="https://www.amazon.com/dp/B01MU394JM?tag=eloabder-20&linkCode=osi&th=1&psc=1">View Product</a></div>
<div class="product"><a href="https://www.amazon.com/dp/B09SV8J649?tag=eloabder-20&linkCode=osi&th=1&psc=1"><img src="https://m.media-amazon.com/images/I/51G3IdGm9mL._SL500_.jpg" alt="Product Image"></a><p>Miracle-Gro Women's Nitrile Coated Grip Floral Pattern Gardening Work Gloves, Extreme Comfort, Excellent Grip, Water Resistant, Pink/Purple, Small, (MG37126/WSM)</p><p>$5.99</p><a href="https://www.amazon.com/dp/B09SV8J649?tag=eloabder-20&linkCode=osi&th=1&psc=1">View Product</a></div><div class="product"><a href="https://www.amazon.com/dp/B0BHZXPXW9?tag=eloabder-20&linkCode=osi&th=1&psc=1"><img src="https://m.media-amazon.com/images/I/51gioz5VnSL._SL500_.jpg" alt="Product Image"></a><p>MSUPSAV Gardening Gloves for Gardening,Synthetic Leather Garden Gloves,Work Gloves with Touch Screen,Best Gifts for Women,Green, Medium</p><p>$11.99</p><a href="https://www.amazon.com/dp/B0BHZXPXW9?tag=eloabder-20&linkCode=osi&th=1&psc=1">View Product</a></div><div class="product"><a href="https://www.amazon.com/dp/B0B5RFV1BK?tag=eloabder-20&linkCode=osi&th=1&psc=1"><img src="https://m.media-amazon.com/images/I/51bX+IeFx+L._SL500_.jpg" alt="Product Image"></a><p>MSUPSAV Genuine Leather Gardening Gloves,Thornproof & Puncture Resistant Garden Gloves,Gardening Gloves for Women,Long Garden Gloves,Rose Gloves,Garden Gifts(Small, Tuilp)</p><p>$15.99</p><a href="https://www.amazon.com/dp/B0B5RFV1BK?tag=eloabder-20&linkCode=osi&th=1&psc=1">View Product</a></div>
<div class="product"><a href="https://www.amazon.com/dp/B0D149L1VC?tag=eloabder-20&linkCode=osi&th=1&psc=1"><img src="https://m.media-amazon.com/images/I/41RVIeji+QL._SL500_.jpg" alt="Product Image"></a><p>HLDD HANDLANDY Gardening Gloves Long Sleeve for Women and Men Leather Garden Gloves for Yard & Outdoor Work, Golden Yellow, XL</p><p>$15.98</p><a href="https://www.amazon.com/dp/B0D149L1VC?tag=eloabder-20&linkCode=osi&th=1&psc=1">View Product</a></div>





















<div class="product"><a href="https://www.amazon.com/dp/B0BZBTV7FM?tag=eloabder-20&linkCode=osi&th=1&psc=1"><img src="https://m.media-amazon.com/images/I/41rGR7+6sHL._SL500_.jpg" alt="Product Image"></a><p>Fly Fans for Tables, Fly Fan Indoor Outdoor with Holographic Blades, Batteries Powered Fly Fans Outdoor for Picnic, Party, Restaurant, Kitchen, and BBQ, 4 Pack</p><p>$29.99 ($7.50 / Count)</p><a href="https://www.amazon.com/dp/B0BZBTV7FM?tag=eloabder-20&linkCode=osi&th=1&psc=1">View Product</a></div>
<div class="product"><a href="https://www.amazon.com/dp/B01N6706BP?tag=eloabder-20&linkCode=osi&th=1&psc=1"><img src="https://m.media-amazon.com/images/I/51RI47QQRVL._SL500_.jpg" alt="Product Image"></a><p>Gardzen 3-Pack 72 Gallons Garden Bag - Reuseable Heavy Duty Gardening Bags, Lawn Pool Garden Leaf Waste Bag</p><p>$22.99 ($7.66 / Count)</p><a href="https://www.amazon.com/dp/B01N6706BP?tag=eloabder-20&linkCode=osi&th=1&psc=1">View Product</a></div><div class="product"><a href="https://www.amazon.com/dp/B07BR52P26?tag=eloabder-20&linkCode=osi&th=1&psc=1"><img src="https://m.media-amazon.com/images/I/41TsWY51fbL._SL500_.jpg" alt="Product Image"></a><p>SONKIR Soil pH Meter, MS02 3-in-1 Soil Moisture/Light/pH Tester Gardening Tool Kits for Plant Care, Great for Garden, Lawn, Farm, Indoor & Outdoor Use (Green)</p><p>$9.99</p><a href="https://www.amazon.com/dp/B07BR52P26?tag=eloabder-20&linkCode=osi&th=1&psc=1">View Product</a></div>
<div class="product"><a href="https://www.amazon.com/dp/B09S7YL4QV?tag=eloabder-20&linkCode=osi&th=1&psc=1"><img src="https://m.media-amazon.com/images/I/51eFJ8Uv1xL._SL500_.jpg" alt="Product Image"></a><p>Burpee SuperSeed Seed Starting Tray | 36 Cell Reusable Seed Starter Tray | for Starting Vegetable, Flower & Herb Seeds | Indoor Grow Kit for Plant Seedlings | for Germination Success</p><p>$11.97</p><a href="https://www.amazon.com/dp/B09S7YL4QV?tag=eloabder-20&linkCode=osi&th=1&psc=1">View Product</a></div><div class="product"><a href="https://www.amazon.com/dp/B01MU394JM?tag=eloabder-20&linkCode=osi&th=1&psc=1"><img src="https://m.media-amazon.com/images/I/517TE2AFBZL._SL500_.jpg" alt="Product Image"></a><p>Miracle-Gro Shake 'N Feed Tomato, Fruit & Vegetable Plant Food, 1 lb.</p><p>$8.08 ($0.50 / Ounce)</p><a href="https://www.amazon.com/dp/B01MU394JM?tag=eloabder-20&linkCode=osi&th=1&psc=1">View Product</a></div>
<div class="product"><a href="https://www.amazon.com/dp/B09SV8J649?tag=eloabder-20&linkCode=osi&th=1&psc=1"><img src="https://m.media-amazon.com/images/I/51G3IdGm9mL._SL500_.jpg" alt="Product Image"></a><p>Miracle-Gro Women's Nitrile Coated Grip Floral Pattern Gardening Work Gloves, Extreme Comfort, Excellent Grip, Water Resistant, Pink/Purple, Small, (MG37126/WSM)</p><p>$5.99</p><a href="https://www.amazon.com/dp/B09SV8J649?tag=eloabder-20&linkCode=osi&th=1&psc=1">View Product</a></div><div class="product"><a href="https://www.amazon.com/dp/B0BHZXPXW9?tag=eloabder-20&linkCode=osi&th=1&psc=1"><img src="https://m.media-amazon.com/images/I/51gioz5VnSL._SL500_.jpg" alt="Product Image"></a><p>MSUPSAV Gardening Gloves for Gardening,Synthetic Leather Garden Gloves,Work Gloves with Touch Screen,Best Gifts for Women,Green, Medium</p><p>$11.99</p><a href="https://www.amazon.com/dp/B0BHZXPXW9?tag=eloabder-20&linkCode=osi&th=1&psc=1">View Product</a></div><div class="product"><a href="https://www.amazon.com/dp/B0B5RFV1BK?tag=eloabder-20&linkCode=osi&th=1&psc=1"><img src="https://m.media-amazon.com/images/I/51bX+IeFx+L._SL500_.jpg" alt="Product Image"></a><p>MSUPSAV Genuine Leather Gardening Gloves,Thornproof & Puncture Resistant Garden Gloves,Gardening Gloves for Women,Long Garden Gloves,Rose Gloves,Garden Gifts(Small, Tuilp)</p><p>$15.99</p><a href="https://www.amazon.com/dp/B0B5RFV1BK?tag=eloabder-20&linkCode=osi&th=1&psc=1">View Product</a></div>
<div class="product"><a href="https://www.amazon.com/dp/B0D149L1VC?tag=eloabder-20&linkCode=osi&th=1&psc=1"><img src="https://m.media-amazon.com/images/I/41RVIeji+QL._SL500_.jpg" alt="Product Image"></a><p>HLDD HANDLANDY Gardening Gloves Long Sleeve for Women and Men Leather Garden Gloves for Yard & Outdoor Work, Golden Yellow, XL</p><p>$15.98</p><a href="https://www.amazon.com/dp/B0D149L1VC?tag=eloabder-20&linkCode=osi&th=1&psc=1">View Product</a></div>






















<div class="product"><a href="https://www.amazon.com/dp/B0BZBTV7FM?tag=eloabder-20&linkCode=osi&th=1&psc=1"><img src="https://m.media-amazon.com/images/I/41rGR7+6sHL._SL500_.jpg" alt="Product Image"></a><p>Fly Fans for Tables, Fly Fan Indoor Outdoor with Holographic Blades, Batteries Powered Fly Fans Outdoor for Picnic, Party, Restaurant, Kitchen, and BBQ, 4 Pack</p><p>$29.99 ($7.50 / Count)</p><a href="https://www.amazon.com/dp/B0BZBTV7FM?tag=eloabder-20&linkCode=osi&th=1&psc=1">View Product</a></div>
<div class="product"><a href="https://www.amazon.com/dp/B01N6706BP?tag=eloabder-20&linkCode=osi&th=1&psc=1"><img src="https://m.media-amazon.com/images/I/51RI47QQRVL._SL500_.jpg" alt="Product Image"></a><p>Gardzen 3-Pack 72 Gallons Garden Bag - Reuseable Heavy Duty Gardening Bags, Lawn Pool Garden Leaf Waste Bag</p><p>$22.99 ($7.66 / Count)</p><a href="https://www.amazon.com/dp/B01N6706BP?tag=eloabder-20&linkCode=osi&th=1&psc=1">View Product</a></div><div class="product"><a href="https://www.amazon.com/dp/B07BR52P26?tag=eloabder-20&linkCode=osi&th=1&psc=1"><img src="https://m.media-amazon.com/images/I/41TsWY51fbL._SL500_.jpg" alt="Product Image"></a><p>SONKIR Soil pH Meter, MS02 3-in-1 Soil Moisture/Light/pH Tester Gardening Tool Kits for Plant Care, Great for Garden, Lawn, Farm, Indoor & Outdoor Use (Green)</p><p>$9.99</p><a href="https://www.amazon.com/dp/B07BR52P26?tag=eloabder-20&linkCode=osi&th=1&psc=1">View Product</a></div>
<div class="product"><a href="https://www.amazon.com/dp/B09S7YL4QV?tag=eloabder-20&linkCode=osi&th=1&psc=1"><img src="https://m.media-amazon.com/images/I/51eFJ8Uv1xL._SL500_.jpg" alt="Product Image"></a><p>Burpee SuperSeed Seed Starting Tray | 36 Cell Reusable Seed Starter Tray | for Starting Vegetable, Flower & Herb Seeds | Indoor Grow Kit for Plant Seedlings | for Germination Success</p><p>$11.97</p><a href="https://www.amazon.com/dp/B09S7YL4QV?tag=eloabder-20&linkCode=osi&th=1&psc=1">View Product</a></div><div class="product"><a href="https://www.amazon.com/dp/B01MU394JM?tag=eloabder-20&linkCode=osi&th=1&psc=1"><img src="https://m.media-amazon.com/images/I/517TE2AFBZL._SL500_.jpg" alt="Product Image"></a><p>Miracle-Gro Shake 'N Feed Tomato, Fruit & Vegetable Plant Food, 1 lb.</p><p>$8.08 ($0.50 / Ounce)</p><a href="https://www.amazon.com/dp/B01MU394JM?tag=eloabder-20&linkCode=osi&th=1&psc=1">View Product</a></div>
<div class="product"><a href="https://www.amazon.com/dp/B09SV8J649?tag=eloabder-20&linkCode=osi&th=1&psc=1"><img src="https://m.media-amazon.com/images/I/51G3IdGm9mL._SL500_.jpg" alt="Product Image"></a><p>Miracle-Gro Women's Nitrile Coated Grip Floral Pattern Gardening Work Gloves, Extreme Comfort, Excellent Grip, Water Resistant, Pink/Purple, Small, (MG37126/WSM)</p><p>$5.99</p><a href="https://www.amazon.com/dp/B09SV8J649?tag=eloabder-20&linkCode=osi&th=1&psc=1">View Product</a></div><div class="product"><a href="https://www.amazon.com/dp/B0BHZXPXW9?tag=eloabder-20&linkCode=osi&th=1&psc=1"><img src="https://m.media-amazon.com/images/I/51gioz5VnSL._SL500_.jpg" alt="Product Image"></a><p>MSUPSAV Gardening Gloves for Gardening,Synthetic Leather Garden Gloves,Work Gloves with Touch Screen,Best Gifts for Women,Green, Medium</p><p>$11.99</p><a href="https://www.amazon.com/dp/B0BHZXPXW9?tag=eloabder-20&linkCode=osi&th=1&psc=1">View Product</a></div><div class="product"><a href="https://www.amazon.com/dp/B0B5RFV1BK?tag=eloabder-20&linkCode=osi&th=1&psc=1"><img src="https://m.media-amazon.com/images/I/51bX+IeFx+L._SL500_.jpg" alt="Product Image"></a><p>MSUPSAV Genuine Leather Gardening Gloves,Thornproof & Puncture Resistant Garden Gloves,Gardening Gloves for Women,Long Garden Gloves,Rose Gloves,Garden Gifts(Small, Tuilp)</p><p>$15.99</p><a href="https://www.amazon.com/dp/B0B5RFV1BK?tag=eloabder-20&linkCode=osi&th=1&psc=1">View Product</a></div>
<div class="product"><a href="https://www.amazon.com/dp/B0D149L1VC?tag=eloabder-20&linkCode=osi&th=1&psc=1"><img src="https://m.media-amazon.com/images/I/41RVIeji+QL._SL500_.jpg" alt="Product Image"></a><p>HLDD HANDLANDY Gardening Gloves Long Sleeve for Women and Men Leather Garden Gloves for Yard & Outdoor Work, Golden Yellow, XL</p><p>$15.98</p><a href="https://www.amazon.com/dp/B0D149L1VC?tag=eloabder-20&linkCode=osi&th=1&psc=1">View Product</a></div>























<div class="product"><a href="https://www.amazon.com/dp/B0BZBTV7FM?tag=eloabder-20&linkCode=osi&th=1&psc=1"><img src="https://m.media-amazon.com/images/I/41rGR7+6sHL._SL500_.jpg" alt="Product Image"></a><p>Fly Fans for Tables, Fly Fan Indoor Outdoor with Holographic Blades, Batteries Powered Fly Fans Outdoor for Picnic, Party, Restaurant, Kitchen, and BBQ, 4 Pack</p><p>$29.99 ($7.50 / Count)</p><a href="https://www.amazon.com/dp/B0BZBTV7FM?tag=eloabder-20&linkCode=osi&th=1&psc=1">View Product</a></div>
<div class="product"><a href="https://www.amazon.com/dp/B01N6706BP?tag=eloabder-20&linkCode=osi&th=1&psc=1"><img src="https://m.media-amazon.com/images/I/51RI47QQRVL._SL500_.jpg" alt="Product Image"></a><p>Gardzen 3-Pack 72 Gallons Garden Bag - Reuseable Heavy Duty Gardening Bags, Lawn Pool Garden Leaf Waste Bag</p><p>$22.99 ($7.66 / Count)</p><a href="https://www.amazon.com/dp/B01N6706BP?tag=eloabder-20&linkCode=osi&th=1&psc=1">View Product</a></div><div class="product"><a href="https://www.amazon.com/dp/B07BR52P26?tag=eloabder-20&linkCode=osi&th=1&psc=1"><img src="https://m.media-amazon.com/images/I/41TsWY51fbL._SL500_.jpg" alt="Product Image"></a><p>SONKIR Soil pH Meter, MS02 3-in-1 Soil Moisture/Light/pH Tester Gardening Tool Kits for Plant Care, Great for Garden, Lawn, Farm, Indoor & Outdoor Use (Green)</p><p>$9.99</p><a href="https://www.amazon.com/dp/B07BR52P26?tag=eloabder-20&linkCode=osi&th=1&psc=1">View Product</a></div>
<div class="product"><a href="https://www.amazon.com/dp/B09S7YL4QV?tag=eloabder-20&linkCode=osi&th=1&psc=1"><img src="https://m.media-amazon.com/images/I/51eFJ8Uv1xL._SL500_.jpg" alt="Product Image"></a><p>Burpee SuperSeed Seed Starting Tray | 36 Cell Reusable Seed Starter Tray | for Starting Vegetable, Flower & Herb Seeds | Indoor Grow Kit for Plant Seedlings | for Germination Success</p><p>$11.97</p><a href="https://www.amazon.com/dp/B09S7YL4QV?tag=eloabder-20&linkCode=osi&th=1&psc=1">View Product</a></div><div class="product"><a href="https://www.amazon.com/dp/B01MU394JM?tag=eloabder-20&linkCode=osi&th=1&psc=1"><img src="https://m.media-amazon.com/images/I/517TE2AFBZL._SL500_.jpg" alt="Product Image"></a><p>Miracle-Gro Shake 'N Feed Tomato, Fruit & Vegetable Plant Food, 1 lb.</p><p>$8.08 ($0.50 / Ounce)</p><a href="https://www.amazon.com/dp/B01MU394JM?tag=eloabder-20&linkCode=osi&th=1&psc=1">View Product</a></div>
<div class="product"><a href="https://www.amazon.com/dp/B09SV8J649?tag=eloabder-20&linkCode=osi&th=1&psc=1"><img src="https://m.media-amazon.com/images/I/51G3IdGm9mL._SL500_.jpg" alt="Product Image"></a><p>Miracle-Gro Women's Nitrile Coated Grip Floral Pattern Gardening Work Gloves, Extreme Comfort, Excellent Grip, Water Resistant, Pink/Purple, Small, (MG37126/WSM)</p><p>$5.99</p><a href="https://www.amazon.com/dp/B09SV8J649?tag=eloabder-20&linkCode=osi&th=1&psc=1">View Product</a></div><div class="product"><a href="https://www.amazon.com/dp/B0BHZXPXW9?tag=eloabder-20&linkCode=osi&th=1&psc=1"><img src="https://m.media-amazon.com/images/I/51gioz5VnSL._SL500_.jpg" alt="Product Image"></a><p>MSUPSAV Gardening Gloves for Gardening,Synthetic Leather Garden Gloves,Work Gloves with Touch Screen,Best Gifts for Women,Green, Medium</p><p>$11.99</p><a href="https://www.amazon.com/dp/B0BHZXPXW9?tag=eloabder-20&linkCode=osi&th=1&psc=1">View Product</a></div><div class="product"><a href="https://www.amazon.com/dp/B0B5RFV1BK?tag=eloabder-20&linkCode=osi&th=1&psc=1"><img src="https://m.media-amazon.com/images/I/51bX+IeFx+L._SL500_.jpg" alt="Product Image"></a><p>MSUPSAV Genuine Leather Gardening Gloves,Thornproof & Puncture Resistant Garden Gloves,Gardening Gloves for Women,Long Garden Gloves,Rose Gloves,Garden Gifts(Small, Tuilp)</p><p>$15.99</p><a href="https://www.amazon.com/dp/B0B5RFV1BK?tag=eloabder-20&linkCode=osi&th=1&psc=1">View Product</a></div>
<div class="product"><a href="https://www.amazon.com/dp/B0D149L1VC?tag=eloabder-20&linkCode=osi&th=1&psc=1"><img src="https://m.media-amazon.com/images/I/41RVIeji+QL._SL500_.jpg" alt="Product Image"></a><p>HLDD HANDLANDY Gardening Gloves Long Sleeve for Women and Men Leather Garden Gloves for Yard & Outdoor Work, Golden Yellow, XL</p><p>$15.98</p><a href="https://www.amazon.com/dp/B0D149L1VC?tag=eloabder-20&linkCode=osi&th=1&psc=1">View Product</a></div>
























<div class="product"><a href="https://www.amazon.com/dp/B0BZBTV7FM?tag=eloabder-20&linkCode=osi&th=1&psc=1"><img src="https://m.media-amazon.com/images/I/41rGR7+6sHL._SL500_.jpg" alt="Product Image"></a><p>Fly Fans for Tables, Fly Fan Indoor Outdoor with Holographic Blades, Batteries Powered Fly Fans Outdoor for Picnic, Party, Restaurant, Kitchen, and BBQ, 4 Pack</p><p>$29.99 ($7.50 / Count)</p><a href="https://www.amazon.com/dp/B0BZBTV7FM?tag=eloabder-20&linkCode=osi&th=1&psc=1">View Product</a></div>
<div class="product"><a href="https://www.amazon.com/dp/B01N6706BP?tag=eloabder-20&linkCode=osi&th=1&psc=1"><img src="https://m.media-amazon.com/images/I/51RI47QQRVL._SL500_.jpg" alt="Product Image"></a><p>Gardzen 3-Pack 72 Gallons Garden Bag - Reuseable Heavy Duty Gardening Bags, Lawn Pool Garden Leaf Waste Bag</p><p>$22.99 ($7.66 / Count)</p><a href="https://www.amazon.com/dp/B01N6706BP?tag=eloabder-20&linkCode=osi&th=1&psc=1">View Product</a></div><div class="product"><a href="https://www.amazon.com/dp/B07BR52P26?tag=eloabder-20&linkCode=osi&th=1&psc=1"><img src="https://m.media-amazon.com/images/I/41TsWY51fbL._SL500_.jpg" alt="Product Image"></a><p>SONKIR Soil pH Meter, MS02 3-in-1 Soil Moisture/Light/pH Tester Gardening Tool Kits for Plant Care, Great for Garden, Lawn, Farm, Indoor & Outdoor Use (Green)</p><p>$9.99</p><a href="https://www.amazon.com/dp/B07BR52P26?tag=eloabder-20&linkCode=osi&th=1&psc=1">View Product</a></div>
<div class="product"><a href="https://www.amazon.com/dp/B09S7YL4QV?tag=eloabder-20&linkCode=osi&th=1&psc=1"><img src="https://m.media-amazon.com/images/I/51eFJ8Uv1xL._SL500_.jpg" alt="Product Image"></a><p>Burpee SuperSeed Seed Starting Tray | 36 Cell Reusable Seed Starter Tray | for Starting Vegetable, Flower & Herb Seeds | Indoor Grow Kit for Plant Seedlings | for Germination Success</p><p>$11.97</p><a href="https://www.amazon.com/dp/B09S7YL4QV?tag=eloabder-20&linkCode=osi&th=1&psc=1">View Product</a></div><div class="product"><a href="https://www.amazon.com/dp/B01MU394JM?tag=eloabder-20&linkCode=osi&th=1&psc=1"><img src="https://m.media-amazon.com/images/I/517TE2AFBZL._SL500_.jpg" alt="Product Image"></a><p>Miracle-Gro Shake 'N Feed Tomato, Fruit & Vegetable Plant Food, 1 lb.</p><p>$8.08 ($0.50 / Ounce)</p><a href="https://www.amazon.com/dp/B01MU394JM?tag=eloabder-20&linkCode=osi&th=1&psc=1">View Product</a></div>
<div class="product"><a href="https://www.amazon.com/dp/B09SV8J649?tag=eloabder-20&linkCode=osi&th=1&psc=1"><img src="https://m.media-amazon.com/images/I/51G3IdGm9mL._SL500_.jpg" alt="Product Image"></a><p>Miracle-Gro Women's Nitrile Coated Grip Floral Pattern Gardening Work Gloves, Extreme Comfort, Excellent Grip, Water Resistant, Pink/Purple, Small, (MG37126/WSM)</p><p>$5.99</p><a href="https://www.amazon.com/dp/B09SV8J649?tag=eloabder-20&linkCode=osi&th=1&psc=1">View Product</a></div><div class="product"><a href="https://www.amazon.com/dp/B0BHZXPXW9?tag=eloabder-20&linkCode=osi&th=1&psc=1"><img src="https://m.media-amazon.com/images/I/51gioz5VnSL._SL500_.jpg" alt="Product Image"></a><p>MSUPSAV Gardening Gloves for Gardening,Synthetic Leather Garden Gloves,Work Gloves with Touch Screen,Best Gifts for Women,Green, Medium</p><p>$11.99</p><a href="https://www.amazon.com/dp/B0BHZXPXW9?tag=eloabder-20&linkCode=osi&th=1&psc=1">View Product</a></div><div class="product"><a href="https://www.amazon.com/dp/B0B5RFV1BK?tag=eloabder-20&linkCode=osi&th=1&psc=1"><img src="https://m.media-amazon.com/images/I/51bX+IeFx+L._SL500_.jpg" alt="Product Image"></a><p>MSUPSAV Genuine Leather Gardening Gloves,Thornproof & Puncture Resistant Garden Gloves,Gardening Gloves for Women,Long Garden Gloves,Rose Gloves,Garden Gifts(Small, Tuilp)</p><p>$15.99</p><a href="https://www.amazon.com/dp/B0B5RFV1BK?tag=eloabder-20&linkCode=osi&th=1&psc=1">View Product</a></div>
<div class="product"><a href="https://www.amazon.com/dp/B0D149L1VC?tag=eloabder-20&linkCode=osi&th=1&psc=1"><img src="https://m.media-amazon.com/images/I/41RVIeji+QL._SL500_.jpg" alt="Product Image"></a><p>HLDD HANDLANDY Gardening Gloves Long Sleeve for Women and Men Leather Garden Gloves for Yard & Outdoor Work, Golden Yellow, XL</p><p>$15.98</p><a href="https://www.amazon.com/dp/B0D149L1VC?tag=eloabder-20&linkCode=osi&th=1&psc=1">View Product</a></div>

























<div class="product"><a href="https://www.amazon.com/dp/B0BZBTV7FM?tag=eloabder-20&linkCode=osi&th=1&psc=1"><img src="https://m.media-amazon.com/images/I/41rGR7+6sHL._SL500_.jpg" alt="Product Image"></a><p>Fly Fans for Tables, Fly Fan Indoor Outdoor with Holographic Blades, Batteries Powered Fly Fans Outdoor for Picnic, Party, Restaurant, Kitchen, and BBQ, 4 Pack</p><p>$29.99 ($7.50 / Count)</p><a href="https://www.amazon.com/dp/B0BZBTV7FM?tag=eloabder-20&linkCode=osi&th=1&psc=1">View Product</a></div>
<div class="product"><a href="https://www.amazon.com/dp/B01N6706BP?tag=eloabder-20&linkCode=osi&th=1&psc=1"><img src="https://m.media-amazon.com/images/I/51RI47QQRVL._SL500_.jpg" alt="Product Image"></a><p>Gardzen 3-Pack 72 Gallons Garden Bag - Reuseable Heavy Duty Gardening Bags, Lawn Pool Garden Leaf Waste Bag</p><p>$22.99 ($7.66 / Count)</p><a href="https://www.amazon.com/dp/B01N6706BP?tag=eloabder-20&linkCode=osi&th=1&psc=1">View Product</a></div><div class="product"><a href="https://www.amazon.com/dp/B07BR52P26?tag=eloabder-20&linkCode=osi&th=1&psc=1"><img src="https://m.media-amazon.com/images/I/41TsWY51fbL._SL500_.jpg" alt="Product Image"></a><p>SONKIR Soil pH Meter, MS02 3-in-1 Soil Moisture/Light/pH Tester Gardening Tool Kits for Plant Care, Great for Garden, Lawn, Farm, Indoor & Outdoor Use (Green)</p><p>$9.99</p><a href="https://www.amazon.com/dp/B07BR52P26?tag=eloabder-20&linkCode=osi&th=1&psc=1">View Product</a></div>
<div class="product"><a href="https://www.amazon.com/dp/B09S7YL4QV?tag=eloabder-20&linkCode=osi&th=1&psc=1"><img src="https://m.media-amazon.com/images/I/51eFJ8Uv1xL._SL500_.jpg" alt="Product Image"></a><p>Burpee SuperSeed Seed Starting Tray | 36 Cell Reusable Seed Starter Tray | for Starting Vegetable, Flower & Herb Seeds | Indoor Grow Kit for Plant Seedlings | for Germination Success</p><p>$11.97</p><a href="https://www.amazon.com/dp/B09S7YL4QV?tag=eloabder-20&linkCode=osi&th=1&psc=1">View Product</a></div><div class="product"><a href="https://www.amazon.com/dp/B01MU394JM?tag=eloabder-20&linkCode=osi&th=1&psc=1"><img src="https://m.media-amazon.com/images/I/517TE2AFBZL._SL500_.jpg" alt="Product Image"></a><p>Miracle-Gro Shake 'N Feed Tomato, Fruit & Vegetable Plant Food, 1 lb.</p><p>$8.08 ($0.50 / Ounce)</p><a href="https://www.amazon.com/dp/B01MU394JM?tag=eloabder-20&linkCode=osi&th=1&psc=1">View Product</a></div>
<div class="product"><a href="https://www.amazon.com/dp/B09SV8J649?tag=eloabder-20&linkCode=osi&th=1&psc=1"><img src="https://m.media-amazon.com/images/I/51G3IdGm9mL._SL500_.jpg" alt="Product Image"></a><p>Miracle-Gro Women's Nitrile Coated Grip Floral Pattern Gardening Work Gloves, Extreme Comfort, Excellent Grip, Water Resistant, Pink/Purple, Small, (MG37126/WSM)</p><p>$5.99</p><a href="https://www.amazon.com/dp/B09SV8J649?tag=eloabder-20&linkCode=osi&th=1&psc=1">View Product</a></div><div class="product"><a href="https://www.amazon.com/dp/B0BHZXPXW9?tag=eloabder-20&linkCode=osi&th=1&psc=1"><img src="https://m.media-amazon.com/images/I/51gioz5VnSL._SL500_.jpg" alt="Product Image"></a><p>MSUPSAV Gardening Gloves for Gardening,Synthetic Leather Garden Gloves,Work Gloves with Touch Screen,Best Gifts for Women,Green, Medium</p><p>$11.99</p><a href="https://www.amazon.com/dp/B0BHZXPXW9?tag=eloabder-20&linkCode=osi&th=1&psc=1">View Product</a></div><div class="product"><a href="https://www.amazon.com/dp/B0B5RFV1BK?tag=eloabder-20&linkCode=osi&th=1&psc=1"><img src="https://m.media-amazon.com/images/I/51bX+IeFx+L._SL500_.jpg" alt="Product Image"></a><p>MSUPSAV Genuine Leather Gardening Gloves,Thornproof & Puncture Resistant Garden Gloves,Gardening Gloves for Women,Long Garden Gloves,Rose Gloves,Garden Gifts(Small, Tuilp)</p><p>$15.99</p><a href="https://www.amazon.com/dp/B0B5RFV1BK?tag=eloabder-20&linkCode=osi&th=1&psc=1">View Product</a></div>
<div class="product"><a href="https://www.amazon.com/dp/B0D149L1VC?tag=eloabder-20&linkCode=osi&th=1&psc=1"><img src="https://m.media-amazon.com/images/I/41RVIeji+QL._SL500_.jpg" alt="Product Image"></a><p>HLDD HANDLANDY Gardening Gloves Long Sleeve for Women and Men Leather Garden Gloves for Yard & Outdoor Work, Golden Yellow, XL</p><p>$15.98</p><a href="https://www.amazon.com/dp/B0D149L1VC?tag=eloabder-20&linkCode=osi&th=1&psc=1">View Product</a></div>


























<div class="product"><a href="https://www.amazon.com/dp/B0BZBTV7FM?tag=eloabder-20&linkCode=osi&th=1&psc=1"><img src="https://m.media-amazon.com/images/I/41rGR7+6sHL._SL500_.jpg" alt="Product Image"></a><p>Fly Fans for Tables, Fly Fan Indoor Outdoor with Holographic Blades, Batteries Powered Fly Fans Outdoor for Picnic, Party, Restaurant, Kitchen, and BBQ, 4 Pack</p><p>$29.99 ($7.50 / Count)</p><a href="https://www.amazon.com/dp/B0BZBTV7FM?tag=eloabder-20&linkCode=osi&th=1&psc=1">View Product</a></div>
<div class="product"><a href="https://www.amazon.com/dp/B01N6706BP?tag=eloabder-20&linkCode=osi&th=1&psc=1"><img src="https://m.media-amazon.com/images/I/51RI47QQRVL._SL500_.jpg" alt="Product Image"></a><p>Gardzen 3-Pack 72 Gallons Garden Bag - Reuseable Heavy Duty Gardening Bags, Lawn Pool Garden Leaf Waste Bag</p><p>$22.99 ($7.66 / Count)</p><a href="https://www.amazon.com/dp/B01N6706BP?tag=eloabder-20&linkCode=osi&th=1&psc=1">View Product</a></div><div class="product"><a href="https://www.amazon.com/dp/B07BR52P26?tag=eloabder-20&linkCode=osi&th=1&psc=1"><img src="https://m.media-amazon.com/images/I/41TsWY51fbL._SL500_.jpg" alt="Product Image"></a><p>SONKIR Soil pH Meter, MS02 3-in-1 Soil Moisture/Light/pH Tester Gardening Tool Kits for Plant Care, Great for Garden, Lawn, Farm, Indoor & Outdoor Use (Green)</p><p>$9.99</p><a href="https://www.amazon.com/dp/B07BR52P26?tag=eloabder-20&linkCode=osi&th=1&psc=1">View Product</a></div>
<div class="product"><a href="https://www.amazon.com/dp/B09S7YL4QV?tag=eloabder-20&linkCode=osi&th=1&psc=1"><img src="https://m.media-amazon.com/images/I/51eFJ8Uv1xL._SL500_.jpg" alt="Product Image"></a><p>Burpee SuperSeed Seed Starting Tray | 36 Cell Reusable Seed Starter Tray | for Starting Vegetable, Flower & Herb Seeds | Indoor Grow Kit for Plant Seedlings | for Germination Success</p><p>$11.97</p><a href="https://www.amazon.com/dp/B09S7YL4QV?tag=eloabder-20&linkCode=osi&th=1&psc=1">View Product</a></div><div class="product"><a href="https://www.amazon.com/dp/B01MU394JM?tag=eloabder-20&linkCode=osi&th=1&psc=1"><img src="https://m.media-amazon.com/images/I/517TE2AFBZL._SL500_.jpg" alt="Product Image"></a><p>Miracle-Gro Shake 'N Feed Tomato, Fruit & Vegetable Plant Food, 1 lb.</p><p>$8.08 ($0.50 / Ounce)</p><a href="https://www.amazon.com/dp/B01MU394JM?tag=eloabder-20&linkCode=osi&th=1&psc=1">View Product</a></div>
<div class="product"><a href="https://www.amazon.com/dp/B09SV8J649?tag=eloabder-20&linkCode=osi&th=1&psc=1"><img src="https://m.media-amazon.com/images/I/51G3IdGm9mL._SL500_.jpg" alt="Product Image"></a><p>Miracle-Gro Women's Nitrile Coated Grip Floral Pattern Gardening Work Gloves, Extreme Comfort, Excellent Grip, Water Resistant, Pink/Purple, Small, (MG37126/WSM)</p><p>$5.99</p><a href="https://www.amazon.com/dp/B09SV8J649?tag=eloabder-20&linkCode=osi&th=1&psc=1">View Product</a></div><div class="product"><a href="https://www.amazon.com/dp/B0BHZXPXW9?tag=eloabder-20&linkCode=osi&th=1&psc=1"><img src="https://m.media-amazon.com/images/I/51gioz5VnSL._SL500_.jpg" alt="Product Image"></a><p>MSUPSAV Gardening Gloves for Gardening,Synthetic Leather Garden Gloves,Work Gloves with Touch Screen,Best Gifts for Women,Green, Medium</p><p>$11.99</p><a href="https://www.amazon.com/dp/B0BHZXPXW9?tag=eloabder-20&linkCode=osi&th=1&psc=1">View Product</a></div><div class="product"><a href="https://www.amazon.com/dp/B0B5RFV1BK?tag=eloabder-20&linkCode=osi&th=1&psc=1"><img src="https://m.media-amazon.com/images/I/51bX+IeFx+L._SL500_.jpg" alt="Product Image"></a><p>MSUPSAV Genuine Leather Gardening Gloves,Thornproof & Puncture Resistant Garden Gloves,Gardening Gloves for Women,Long Garden Gloves,Rose Gloves,Garden Gifts(Small, Tuilp)</p><p>$15.99</p><a href="https://www.amazon.com/dp/B0B5RFV1BK?tag=eloabder-20&linkCode=osi&th=1&psc=1">View Product</a></div>
<div class="product"><a href="https://www.amazon.com/dp/B0D149L1VC?tag=eloabder-20&linkCode=osi&th=1&psc=1"><img src="https://m.media-amazon.com/images/I/41RVIeji+QL._SL500_.jpg" alt="Product Image"></a><p>HLDD HANDLANDY Gardening Gloves Long Sleeve for Women and Men Leather Garden Gloves for Yard & Outdoor Work, Golden Yellow, XL</p><p>$15.98</p><a href="https://www.amazon.com/dp/B0D149L1VC?tag=eloabder-20&linkCode=osi&th=1&psc=1">View Product</a></div>



























<div class="product"><a href="https://www.amazon.com/dp/B0BZBTV7FM?tag=eloabder-20&linkCode=osi&th=1&psc=1"><img src="https://m.media-amazon.com/images/I/41rGR7+6sHL._SL500_.jpg" alt="Product Image"></a><p>Fly Fans for Tables, Fly Fan Indoor Outdoor with Holographic Blades, Batteries Powered Fly Fans Outdoor for Picnic, Party, Restaurant, Kitchen, and BBQ, 4 Pack</p><p>$29.99 ($7.50 / Count)</p><a href="https://www.amazon.com/dp/B0BZBTV7FM?tag=eloabder-20&linkCode=osi&th=1&psc=1">View Product</a></div>
<div class="product"><a href="https://www.amazon.com/dp/B01N6706BP?tag=eloabder-20&linkCode=osi&th=1&psc=1"><img src="https://m.media-amazon.com/images/I/51RI47QQRVL._SL500_.jpg" alt="Product Image"></a><p>Gardzen 3-Pack 72 Gallons Garden Bag - Reuseable Heavy Duty Gardening Bags, Lawn Pool Garden Leaf Waste Bag</p><p>$22.99 ($7.66 / Count)</p><a href="https://www.amazon.com/dp/B01N6706BP?tag=eloabder-20&linkCode=osi&th=1&psc=1">View Product</a></div><div class="product"><a href="https://www.amazon.com/dp/B07BR52P26?tag=eloabder-20&linkCode=osi&th=1&psc=1"><img src="https://m.media-amazon.com/images/I/41TsWY51fbL._SL500_.jpg" alt="Product Image"></a><p>SONKIR Soil pH Meter, MS02 3-in-1 Soil Moisture/Light/pH Tester Gardening Tool Kits for Plant Care, Great for Garden, Lawn, Farm, Indoor & Outdoor Use (Green)</p><p>$9.99</p><a href="https://www.amazon.com/dp/B07BR52P26?tag=eloabder-20&linkCode=osi&th=1&psc=1">View Product</a></div>
<div class="product"><a href="https://www.amazon.com/dp/B09S7YL4QV?tag=eloabder-20&linkCode=osi&th=1&psc=1"><img src="https://m.media-amazon.com/images/I/51eFJ8Uv1xL._SL500_.jpg" alt="Product Image"></a><p>Burpee SuperSeed Seed Starting Tray | 36 Cell Reusable Seed Starter Tray | for Starting Vegetable, Flower & Herb Seeds | Indoor Grow Kit for Plant Seedlings | for Germination Success</p><p>$11.97</p><a href="https://www.amazon.com/dp/B09S7YL4QV?tag=eloabder-20&linkCode=osi&th=1&psc=1">View Product</a></div><div class="product"><a href="https://www.amazon.com/dp/B01MU394JM?tag=eloabder-20&linkCode=osi&th=1&psc=1"><img src="https://m.media-amazon.com/images/I/517TE2AFBZL._SL500_.jpg" alt="Product Image"></a><p>Miracle-Gro Shake 'N Feed Tomato, Fruit & Vegetable Plant Food, 1 lb.</p><p>$8.08 ($0.50 / Ounce)</p><a href="https://www.amazon.com/dp/B01MU394JM?tag=eloabder-20&linkCode=osi&th=1&psc=1">View Product</a></div>
<div class="product"><a href="https://www.amazon.com/dp/B09SV8J649?tag=eloabder-20&linkCode=osi&th=1&psc=1"><img src="https://m.media-amazon.com/images/I/51G3IdGm9mL._SL500_.jpg" alt="Product Image"></a><p>Miracle-Gro Women's Nitrile Coated Grip Floral Pattern Gardening Work Gloves, Extreme Comfort, Excellent Grip, Water Resistant, Pink/Purple, Small, (MG37126/WSM)</p><p>$5.99</p><a href="https://www.amazon.com/dp/B09SV8J649?tag=eloabder-20&linkCode=osi&th=1&psc=1">View Product</a></div><div class="product"><a href="https://www.amazon.com/dp/B0BHZXPXW9?tag=eloabder-20&linkCode=osi&th=1&psc=1"><img src="https://m.media-amazon.com/images/I/51gioz5VnSL._SL500_.jpg" alt="Product Image"></a><p>MSUPSAV Gardening Gloves for Gardening,Synthetic Leather Garden Gloves,Work Gloves with Touch Screen,Best Gifts for Women,Green, Medium</p><p>$11.99</p><a href="https://www.amazon.com/dp/B0BHZXPXW9?tag=eloabder-20&linkCode=osi&th=1&psc=1">View Product</a></div><div class="product"><a href="https://www.amazon.com/dp/B0B5RFV1BK?tag=eloabder-20&linkCode=osi&th=1&psc=1"><img src="https://m.media-amazon.com/images/I/51bX+IeFx+L._SL500_.jpg" alt="Product Image"></a><p>MSUPSAV Genuine Leather Gardening Gloves,Thornproof & Puncture Resistant Garden Gloves,Gardening Gloves for Women,Long Garden Gloves,Rose Gloves,Garden Gifts(Small, Tuilp)</p><p>$15.99</p><a href="https://www.amazon.com/dp/B0B5RFV1BK?tag=eloabder-20&linkCode=osi&th=1&psc=1">View Product</a></div>
<div class="product"><a href="https://www.amazon.com/dp/B0D149L1VC?tag=eloabder-20&linkCode=osi&th=1&psc=1"><img src="https://m.media-amazon.com/images/I/41RVIeji+QL._SL500_.jpg" alt="Product Image"></a><p>HLDD HANDLANDY Gardening Gloves Long Sleeve for Women and Men Leather Garden Gloves for Yard & Outdoor Work, Golden Yellow, XL</p><p>$15.98</p><a href="https://www.amazon.com/dp/B0D149L1VC?tag=eloabder-20&linkCode=osi&th=1&psc=1">View Product</a></div>




























<div class="product"><a href="https://www.amazon.com/dp/B0BZBTV7FM?tag=eloabder-20&linkCode=osi&th=1&psc=1"><img src="https://m.media-amazon.com/images/I/41rGR7+6sHL._SL500_.jpg" alt="Product Image"></a><p>Fly Fans for Tables, Fly Fan Indoor Outdoor with Holographic Blades, Batteries Powered Fly Fans Outdoor for Picnic, Party, Restaurant, Kitchen, and BBQ, 4 Pack</p><p>$29.99 ($7.50 / Count)</p><a href="https://www.amazon.com/dp/B0BZBTV7FM?tag=eloabder-20&linkCode=osi&th=1&psc=1">View Product</a></div>
<div class="product"><a href="https://www.amazon.com/dp/B01N6706BP?tag=eloabder-20&linkCode=osi&th=1&psc=1"><img src="https://m.media-amazon.com/images/I/51RI47QQRVL._SL500_.jpg" alt="Product Image"></a><p>Gardzen 3-Pack 72 Gallons Garden Bag - Reuseable Heavy Duty Gardening Bags, Lawn Pool Garden Leaf Waste Bag</p><p>$22.99 ($7.66 / Count)</p><a href="https://www.amazon.com/dp/B01N6706BP?tag=eloabder-20&linkCode=osi&th=1&psc=1">View Product</a></div><div class="product"><a href="https://www.amazon.com/dp/B07BR52P26?tag=eloabder-20&linkCode=osi&th=1&psc=1"><img src="https://m.media-amazon.com/images/I/41TsWY51fbL._SL500_.jpg" alt="Product Image"></a><p>SONKIR Soil pH Meter, MS02 3-in-1 Soil Moisture/Light/pH Tester Gardening Tool Kits for Plant Care, Great for Garden, Lawn, Farm, Indoor & Outdoor Use (Green)</p><p>$9.99</p><a href="https://www.amazon.com/dp/B07BR52P26?tag=eloabder-20&linkCode=osi&th=1&psc=1">View Product</a></div>
<div class="product"><a href="https://www.amazon.com/dp/B09S7YL4QV?tag=eloabder-20&linkCode=osi&th=1&psc=1"><img src="https://m.media-amazon.com/images/I/51eFJ8Uv1xL._SL500_.jpg" alt="Product Image"></a><p>Burpee SuperSeed Seed Starting Tray | 36 Cell Reusable Seed Starter Tray | for Starting Vegetable, Flower & Herb Seeds | Indoor Grow Kit for Plant Seedlings | for Germination Success</p><p>$11.97</p><a href="https://www.amazon.com/dp/B09S7YL4QV?tag=eloabder-20&linkCode=osi&th=1&psc=1">View Product</a></div><div class="product"><a href="https://www.amazon.com/dp/B01MU394JM?tag=eloabder-20&linkCode=osi&th=1&psc=1"><img src="https://m.media-amazon.com/images/I/517TE2AFBZL._SL500_.jpg" alt="Product Image"></a><p>Miracle-Gro Shake 'N Feed Tomato, Fruit & Vegetable Plant Food, 1 lb.</p><p>$8.08 ($0.50 / Ounce)</p><a href="https://www.amazon.com/dp/B01MU394JM?tag=eloabder-20&linkCode=osi&th=1&psc=1">View Product</a></div>
<div class="product"><a href="https://www.amazon.com/dp/B09SV8J649?tag=eloabder-20&linkCode=osi&th=1&psc=1"><img src="https://m.media-amazon.com/images/I/51G3IdGm9mL._SL500_.jpg" alt="Product Image"></a><p>Miracle-Gro Women's Nitrile Coated Grip Floral Pattern Gardening Work Gloves, Extreme Comfort, Excellent Grip, Water Resistant, Pink/Purple, Small, (MG37126/WSM)</p><p>$5.99</p><a href="https://www.amazon.com/dp/B09SV8J649?tag=eloabder-20&linkCode=osi&th=1&psc=1">View Product</a></div><div class="product"><a href="https://www.amazon.com/dp/B0BHZXPXW9?tag=eloabder-20&linkCode=osi&th=1&psc=1"><img src="https://m.media-amazon.com/images/I/51gioz5VnSL._SL500_.jpg" alt="Product Image"></a><p>MSUPSAV Gardening Gloves for Gardening,Synthetic Leather Garden Gloves,Work Gloves with Touch Screen,Best Gifts for Women,Green, Medium</p><p>$11.99</p><a href="https://www.amazon.com/dp/B0BHZXPXW9?tag=eloabder-20&linkCode=osi&th=1&psc=1">View Product</a></div><div class="product"><a href="https://www.amazon.com/dp/B0B5RFV1BK?tag=eloabder-20&linkCode=osi&th=1&psc=1"><img src="https://m.media-amazon.com/images/I/51bX+IeFx+L._SL500_.jpg" alt="Product Image"></a><p>MSUPSAV Genuine Leather Gardening Gloves,Thornproof & Puncture Resistant Garden Gloves,Gardening Gloves for Women,Long Garden Gloves,Rose Gloves,Garden Gifts(Small, Tuilp)</p><p>$15.99</p><a href="https://www.amazon.com/dp/B0B5RFV1BK?tag=eloabder-20&linkCode=osi&th=1&psc=1">View Product</a></div>
<div class="product"><a href="https://www.amazon.com/dp/B0D149L1VC?tag=eloabder-20&linkCode=osi&th=1&psc=1"><img src="https://m.media-amazon.com/images/I/41RVIeji+QL._SL500_.jpg" alt="Product Image"></a><p>HLDD HANDLANDY Gardening Gloves Long Sleeve for Women and Men Leather Garden Gloves for Yard & Outdoor Work, Golden Yellow, XL</p><p>$15.98</p><a href="https://www.amazon.com/dp/B0D149L1VC?tag=eloabder-20&linkCode=osi&th=1&psc=1">View Product</a></div>





























<div class="product"><a href="https://www.amazon.com/dp/B0BZBTV7FM?tag=eloabder-20&linkCode=osi&th=1&psc=1"><img src="https://m.media-amazon.com/images/I/41rGR7+6sHL._SL500_.jpg" alt="Product Image"></a><p>Fly Fans for Tables, Fly Fan Indoor Outdoor with Holographic Blades, Batteries Powered Fly Fans Outdoor for Picnic, Party, Restaurant, Kitchen, and BBQ, 4 Pack</p><p>$29.99 ($7.50 / Count)</p><a href="https://www.amazon.com/dp/B0BZBTV7FM?tag=eloabder-20&linkCode=osi&th=1&psc=1">View Product</a></div>
<div class="product"><a href="https://www.amazon.com/dp/B01N6706BP?tag=eloabder-20&linkCode=osi&th=1&psc=1"><img src="https://m.media-amazon.com/images/I/51RI47QQRVL._SL500_.jpg" alt="Product Image"></a><p>Gardzen 3-Pack 72 Gallons Garden Bag - Reuseable Heavy Duty Gardening Bags, Lawn Pool Garden Leaf Waste Bag</p><p>$22.99 ($7.66 / Count)</p><a href="https://www.amazon.com/dp/B01N6706BP?tag=eloabder-20&linkCode=osi&th=1&psc=1">View Product</a></div><div class="product"><a href="https://www.amazon.com/dp/B07BR52P26?tag=eloabder-20&linkCode=osi&th=1&psc=1"><img src="https://m.media-amazon.com/images/I/41TsWY51fbL._SL500_.jpg" alt="Product Image"></a><p>SONKIR Soil pH Meter, MS02 3-in-1 Soil Moisture/Light/pH Tester Gardening Tool Kits for Plant Care, Great for Garden, Lawn, Farm, Indoor & Outdoor Use (Green)</p><p>$9.99</p><a href="https://www.amazon.com/dp/B07BR52P26?tag=eloabder-20&linkCode=osi&th=1&psc=1">View Product</a></div>
<div class="product"><a href="https://www.amazon.com/dp/B09S7YL4QV?tag=eloabder-20&linkCode=osi&th=1&psc=1"><img src="https://m.media-amazon.com/images/I/51eFJ8Uv1xL._SL500_.jpg" alt="Product Image"></a><p>Burpee SuperSeed Seed Starting Tray | 36 Cell Reusable Seed Starter Tray | for Starting Vegetable, Flower & Herb Seeds | Indoor Grow Kit for Plant Seedlings | for Germination Success</p><p>$11.97</p><a href="https://www.amazon.com/dp/B09S7YL4QV?tag=eloabder-20&linkCode=osi&th=1&psc=1">View Product</a></div><div class="product"><a href="https://www.amazon.com/dp/B01MU394JM?tag=eloabder-20&linkCode=osi&th=1&psc=1"><img src="https://m.media-amazon.com/images/I/517TE2AFBZL._SL500_.jpg" alt="Product Image"></a><p>Miracle-Gro Shake 'N Feed Tomato, Fruit & Vegetable Plant Food, 1 lb.</p><p>$8.08 ($0.50 / Ounce)</p><a href="https://www.amazon.com/dp/B01MU394JM?tag=eloabder-20&linkCode=osi&th=1&psc=1">View Product</a></div>
<div class="product"><a href="https://www.amazon.com/dp/B09SV8J649?tag=eloabder-20&linkCode=osi&th=1&psc=1"><img src="https://m.media-amazon.com/images/I/51G3IdGm9mL._SL500_.jpg" alt="Product Image"></a><p>Miracle-Gro Women's Nitrile Coated Grip Floral Pattern Gardening Work Gloves, Extreme Comfort, Excellent Grip, Water Resistant, Pink/Purple, Small, (MG37126/WSM)</p><p>$5.99</p><a href="https://www.amazon.com/dp/B09SV8J649?tag=eloabder-20&linkCode=osi&th=1&psc=1">View Product</a></div><div class="product"><a href="https://www.amazon.com/dp/B0BHZXPXW9?tag=eloabder-20&linkCode=osi&th=1&psc=1"><img src="https://m.media-amazon.com/images/I/51gioz5VnSL._SL500_.jpg" alt="Product Image"></a><p>MSUPSAV Gardening Gloves for Gardening,Synthetic Leather Garden Gloves,Work Gloves with Touch Screen,Best Gifts for Women,Green, Medium</p><p>$11.99</p><a href="https://www.amazon.com/dp/B0BHZXPXW9?tag=eloabder-20&linkCode=osi&th=1&psc=1">View Product</a></div><div class="product"><a href="https://www.amazon.com/dp/B0B5RFV1BK?tag=eloabder-20&linkCode=osi&th=1&psc=1"><img src="https://m.media-amazon.com/images/I/51bX+IeFx+L._SL500_.jpg" alt="Product Image"></a><p>MSUPSAV Genuine Leather Gardening Gloves,Thornproof & Puncture Resistant Garden Gloves,Gardening Gloves for Women,Long Garden Gloves,Rose Gloves,Garden Gifts(Small, Tuilp)</p><p>$15.99</p><a href="https://www.amazon.com/dp/B0B5RFV1BK?tag=eloabder-20&linkCode=osi&th=1&psc=1">View Product</a></div>
<div class="product"><a href="https://www.amazon.com/dp/B0D149L1VC?tag=eloabder-20&linkCode=osi&th=1&psc=1"><img src="https://m.media-amazon.com/images/I/41RVIeji+QL._SL500_.jpg" alt="Product Image"></a><p>HLDD HANDLANDY Gardening Gloves Long Sleeve for Women and Men Leather Garden Gloves for Yard & Outdoor Work, Golden Yellow, XL</p><p>$15.98</p><a href="https://www.amazon.com/dp/B0D149L1VC?tag=eloabder-20&linkCode=osi&th=1&psc=1">View Product</a></div>






























<div class="product"><a href="https://www.amazon.com/dp/B0BZBTV7FM?tag=eloabder-20&linkCode=osi&th=1&psc=1"><img src="https://m.media-amazon.com/images/I/41rGR7+6sHL._SL500_.jpg" alt="Product Image"></a><p>Fly Fans for Tables, Fly Fan Indoor Outdoor with Holographic Blades, Batteries Powered Fly Fans Outdoor for Picnic, Party, Restaurant, Kitchen, and BBQ, 4 Pack</p><p>$29.99 ($7.50 / Count)</p><a href="https://www.amazon.com/dp/B0BZBTV7FM?tag=eloabder-20&linkCode=osi&th=1&psc=1">View Product</a></div>
<div class="product"><a href="https://www.amazon.com/dp/B01N6706BP?tag=eloabder-20&linkCode=osi&th=1&psc=1"><img src="https://m.media-amazon.com/images/I/51RI47QQRVL._SL500_.jpg" alt="Product Image"></a><p>Gardzen 3-Pack 72 Gallons Garden Bag - Reuseable Heavy Duty Gardening Bags, Lawn Pool Garden Leaf Waste Bag</p><p>$22.99 ($7.66 / Count)</p><a href="https://www.amazon.com/dp/B01N6706BP?tag=eloabder-20&linkCode=osi&th=1&psc=1">View Product</a></div><div class="product"><a href="https://www.amazon.com/dp/B07BR52P26?tag=eloabder-20&linkCode=osi&th=1&psc=1"><img src="https://m.media-amazon.com/images/I/41TsWY51fbL._SL500_.jpg" alt="Product Image"></a><p>SONKIR Soil pH Meter, MS02 3-in-1 Soil Moisture/Light/pH Tester Gardening Tool Kits for Plant Care, Great for Garden, Lawn, Farm, Indoor & Outdoor Use (Green)</p><p>$9.99</p><a href="https://www.amazon.com/dp/B07BR52P26?tag=eloabder-20&linkCode=osi&th=1&psc=1">View Product</a></div>
<div class="product"><a href="https://www.amazon.com/dp/B09S7YL4QV?tag=eloabder-20&linkCode=osi&th=1&psc=1"><img src="https://m.media-amazon.com/images/I/51eFJ8Uv1xL._SL500_.jpg" alt="Product Image"></a><p>Burpee SuperSeed Seed Starting Tray | 36 Cell Reusable Seed Starter Tray | for Starting Vegetable, Flower & Herb Seeds | Indoor Grow Kit for Plant Seedlings | for Germination Success</p><p>$11.97</p><a href="https://www.amazon.com/dp/B09S7YL4QV?tag=eloabder-20&linkCode=osi&th=1&psc=1">View Product</a></div><div class="product"><a href="https://www.amazon.com/dp/B01MU394JM?tag=eloabder-20&linkCode=osi&th=1&psc=1"><img src="https://m.media-amazon.com/images/I/517TE2AFBZL._SL500_.jpg" alt="Product Image"></a><p>Miracle-Gro Shake 'N Feed Tomato, Fruit & Vegetable Plant Food, 1 lb.</p><p>$8.08 ($0.50 / Ounce)</p><a href="https://www.amazon.com/dp/B01MU394JM?tag=eloabder-20&linkCode=osi&th=1&psc=1">View Product</a></div>
<div class="product"><a href="https://www.amazon.com/dp/B09SV8J649?tag=eloabder-20&linkCode=osi&th=1&psc=1"><img src="https://m.media-amazon.com/images/I/51G3IdGm9mL._SL500_.jpg" alt="Product Image"></a><p>Miracle-Gro Women's Nitrile Coated Grip Floral Pattern Gardening Work Gloves, Extreme Comfort, Excellent Grip, Water Resistant, Pink/Purple, Small, (MG37126/WSM)</p><p>$5.99</p><a href="https://www.amazon.com/dp/B09SV8J649?tag=eloabder-20&linkCode=osi&th=1&psc=1">View Product</a></div><div class="product"><a href="https://www.amazon.com/dp/B0BHZXPXW9?tag=eloabder-20&linkCode=osi&th=1&psc=1"><img src="https://m.media-amazon.com/images/I/51gioz5VnSL._SL500_.jpg" alt="Product Image"></a><p>MSUPSAV Gardening Gloves for Gardening,Synthetic Leather Garden Gloves,Work Gloves with Touch Screen,Best Gifts for Women,Green, Medium</p><p>$11.99</p><a href="https://www.amazon.com/dp/B0BHZXPXW9?tag=eloabder-20&linkCode=osi&th=1&psc=1">View Product</a></div><div class="product"><a href="https://www.amazon.com/dp/B0B5RFV1BK?tag=eloabder-20&linkCode=osi&th=1&psc=1"><img src="https://m.media-amazon.com/images/I/51bX+IeFx+L._SL500_.jpg" alt="Product Image"></a><p>MSUPSAV Genuine Leather Gardening Gloves,Thornproof & Puncture Resistant Garden Gloves,Gardening Gloves for Women,Long Garden Gloves,Rose Gloves,Garden Gifts(Small, Tuilp)</p><p>$15.99</p><a href="https://www.amazon.com/dp/B0B5RFV1BK?tag=eloabder-20&linkCode=osi&th=1&psc=1">View Product</a></div>
<div class="product"><a href="https://www.amazon.com/dp/B0D149L1VC?tag=eloabder-20&linkCode=osi&th=1&psc=1"><img src="https://m.media-amazon.com/images/I/41RVIeji+QL._SL500_.jpg" alt="Product Image"></a><p>HLDD HANDLANDY Gardening Gloves Long Sleeve for Women and Men Leather Garden Gloves for Yard & Outdoor Work, Golden Yellow, XL</p><p>$15.98</p><a href="https://www.amazon.com/dp/B0D149L1VC?tag=eloabder-20&linkCode=osi&th=1&psc=1">View Product</a></div>































<div class="product"><a href="https://www.amazon.com/dp/B0BZBTV7FM?tag=eloabder-20&linkCode=osi&th=1&psc=1"><img src="https://m.media-amazon.com/images/I/41rGR7+6sHL._SL500_.jpg" alt="Product Image"></a><p>Fly Fans for Tables, Fly Fan Indoor Outdoor with Holographic Blades, Batteries Powered Fly Fans Outdoor for Picnic, Party, Restaurant, Kitchen, and BBQ, 4 Pack</p><p>$29.99 ($7.50 / Count)</p><a href="https://www.amazon.com/dp/B0BZBTV7FM?tag=eloabder-20&linkCode=osi&th=1&psc=1">View Product</a></div>
<div class="product"><a href="https://www.amazon.com/dp/B01N6706BP?tag=eloabder-20&linkCode=osi&th=1&psc=1"><img src="https://m.media-amazon.com/images/I/51RI47QQRVL._SL500_.jpg" alt="Product Image"></a><p>Gardzen 3-Pack 72 Gallons Garden Bag - Reuseable Heavy Duty Gardening Bags, Lawn Pool Garden Leaf Waste Bag</p><p>$22.99 ($7.66 / Count)</p><a href="https://www.amazon.com/dp/B01N6706BP?tag=eloabder-20&linkCode=osi&th=1&psc=1">View Product</a></div><div class="product"><a href="https://www.amazon.com/dp/B07BR52P26?tag=eloabder-20&linkCode=osi&th=1&psc=1"><img src="https://m.media-amazon.com/images/I/41TsWY51fbL._SL500_.jpg" alt="Product Image"></a><p>SONKIR Soil pH Meter, MS02 3-in-1 Soil Moisture/Light/pH Tester Gardening Tool Kits for Plant Care, Great for Garden, Lawn, Farm, Indoor & Outdoor Use (Green)</p><p>$9.99</p><a href="https://www.amazon.com/dp/B07BR52P26?tag=eloabder-20&linkCode=osi&th=1&psc=1">View Product</a></div>
<div class="product"><a href="https://www.amazon.com/dp/B09S7YL4QV?tag=eloabder-20&linkCode=osi&th=1&psc=1"><img src="https://m.media-amazon.com/images/I/51eFJ8Uv1xL._SL500_.jpg" alt="Product Image"></a><p>Burpee SuperSeed Seed Starting Tray | 36 Cell Reusable Seed Starter Tray | for Starting Vegetable, Flower & Herb Seeds | Indoor Grow Kit for Plant Seedlings | for Germination Success</p><p>$11.97</p><a href="https://www.amazon.com/dp/B09S7YL4QV?tag=eloabder-20&linkCode=osi&th=1&psc=1">View Product</a></div><div class="product"><a href="https://www.amazon.com/dp/B01MU394JM?tag=eloabder-20&linkCode=osi&th=1&psc=1"><img src="https://m.media-amazon.com/images/I/517TE2AFBZL._SL500_.jpg" alt="Product Image"></a><p>Miracle-Gro Shake 'N Feed Tomato, Fruit & Vegetable Plant Food, 1 lb.</p><p>$8.08 ($0.50 / Ounce)</p><a href="https://www.amazon.com/dp/B01MU394JM?tag=eloabder-20&linkCode=osi&th=1&psc=1">View Product</a></div>
<div class="product"><a href="https://www.amazon.com/dp/B09SV8J649?tag=eloabder-20&linkCode=osi&th=1&psc=1"><img src="https://m.media-amazon.com/images/I/51G3IdGm9mL._SL500_.jpg" alt="Product Image"></a><p>Miracle-Gro Women's Nitrile Coated Grip Floral Pattern Gardening Work Gloves, Extreme Comfort, Excellent Grip, Water Resistant, Pink/Purple, Small, (MG37126/WSM)</p><p>$5.99</p><a href="https://www.amazon.com/dp/B09SV8J649?tag=eloabder-20&linkCode=osi&th=1&psc=1">View Product</a></div><div class="product"><a href="https://www.amazon.com/dp/B0BHZXPXW9?tag=eloabder-20&linkCode=osi&th=1&psc=1"><img src="https://m.media-amazon.com/images/I/51gioz5VnSL._SL500_.jpg" alt="Product Image"></a><p>MSUPSAV Gardening Gloves for Gardening,Synthetic Leather Garden Gloves,Work Gloves with Touch Screen,Best Gifts for Women,Green, Medium</p><p>$11.99</p><a href="https://www.amazon.com/dp/B0BHZXPXW9?tag=eloabder-20&linkCode=osi&th=1&psc=1">View Product</a></div><div class="product"><a href="https://www.amazon.com/dp/B0B5RFV1BK?tag=eloabder-20&linkCode=osi&th=1&psc=1"><img src="https://m.media-amazon.com/images/I/51bX+IeFx+L._SL500_.jpg" alt="Product Image"></a><p>MSUPSAV Genuine Leather Gardening Gloves,Thornproof & Puncture Resistant Garden Gloves,Gardening Gloves for Women,Long Garden Gloves,Rose Gloves,Garden Gifts(Small, Tuilp)</p><p>$15.99</p><a href="https://www.amazon.com/dp/B0B5RFV1BK?tag=eloabder-20&linkCode=osi&th=1&psc=1">View Product</a></div>
<div class="product"><a href="https://www.amazon.com/dp/B0D149L1VC?tag=eloabder-20&linkCode=osi&th=1&psc=1"><img src="https://m.media-amazon.com/images/I/41RVIeji+QL._SL500_.jpg" alt="Product Image"></a><p>HLDD HANDLANDY Gardening Gloves Long Sleeve for Women and Men Leather Garden Gloves for Yard & Outdoor Work, Golden Yellow, XL</p><p>$15.98</p><a href="https://www.amazon.com/dp/B0D149L1VC?tag=eloabder-20&linkCode=osi&th=1&psc=1">View Product</a></div>
































<div class="product"><a href="https://www.amazon.com/dp/B0BZBTV7FM?tag=eloabder-20&linkCode=osi&th=1&psc=1"><img src="https://m.media-amazon.com/images/I/41rGR7+6sHL._SL500_.jpg" alt="Product Image"></a><p>Fly Fans for Tables, Fly Fan Indoor Outdoor with Holographic Blades, Batteries Powered Fly Fans Outdoor for Picnic, Party, Restaurant, Kitchen, and BBQ, 4 Pack</p><p>$29.99 ($7.50 / Count)</p><a href="https://www.amazon.com/dp/B0BZBTV7FM?tag=eloabder-20&linkCode=osi&th=1&psc=1">View Product</a></div>
<div class="product"><a href="https://www.amazon.com/dp/B01N6706BP?tag=eloabder-20&linkCode=osi&th=1&psc=1"><img src="https://m.media-amazon.com/images/I/51RI47QQRVL._SL500_.jpg" alt="Product Image"></a><p>Gardzen 3-Pack 72 Gallons Garden Bag - Reuseable Heavy Duty Gardening Bags, Lawn Pool Garden Leaf Waste Bag</p><p>$22.99 ($7.66 / Count)</p><a href="https://www.amazon.com/dp/B01N6706BP?tag=eloabder-20&linkCode=osi&th=1&psc=1">View Product</a></div><div class="product"><a href="https://www.amazon.com/dp/B07BR52P26?tag=eloabder-20&linkCode=osi&th=1&psc=1"><img src="https://m.media-amazon.com/images/I/41TsWY51fbL._SL500_.jpg" alt="Product Image"></a><p>SONKIR Soil pH Meter, MS02 3-in-1 Soil Moisture/Light/pH Tester Gardening Tool Kits for Plant Care, Great for Garden, Lawn, Farm, Indoor & Outdoor Use (Green)</p><p>$9.99</p><a href="https://www.amazon.com/dp/B07BR52P26?tag=eloabder-20&linkCode=osi&th=1&psc=1">View Product</a></div>
<div class="product"><a href="https://www.amazon.com/dp/B09S7YL4QV?tag=eloabder-20&linkCode=osi&th=1&psc=1"><img src="https://m.media-amazon.com/images/I/51eFJ8Uv1xL._SL500_.jpg" alt="Product Image"></a><p>Burpee SuperSeed Seed Starting Tray | 36 Cell Reusable Seed Starter Tray | for Starting Vegetable, Flower & Herb Seeds | Indoor Grow Kit for Plant Seedlings | for Germination Success</p><p>$11.97</p><a href="https://www.amazon.com/dp/B09S7YL4QV?tag=eloabder-20&linkCode=osi&th=1&psc=1">View Product</a></div><div class="product"><a href="https://www.amazon.com/dp/B01MU394JM?tag=eloabder-20&linkCode=osi&th=1&psc=1"><img src="https://m.media-amazon.com/images/I/517TE2AFBZL._SL500_.jpg" alt="Product Image"></a><p>Miracle-Gro Shake 'N Feed Tomato, Fruit & Vegetable Plant Food, 1 lb.</p><p>$8.08 ($0.50 / Ounce)</p><a href="https://www.amazon.com/dp/B01MU394JM?tag=eloabder-20&linkCode=osi&th=1&psc=1">View Product</a></div>
<div class="product"><a href="https://www.amazon.com/dp/B09SV8J649?tag=eloabder-20&linkCode=osi&th=1&psc=1"><img src="https://m.media-amazon.com/images/I/51G3IdGm9mL._SL500_.jpg" alt="Product Image"></a><p>Miracle-Gro Women's Nitrile Coated Grip Floral Pattern Gardening Work Gloves, Extreme Comfort, Excellent Grip, Water Resistant, Pink/Purple, Small, (MG37126/WSM)</p><p>$5.99</p><a href="https://www.amazon.com/dp/B09SV8J649?tag=eloabder-20&linkCode=osi&th=1&psc=1">View Product</a></div><div class="product"><a href="https://www.amazon.com/dp/B0BHZXPXW9?tag=eloabder-20&linkCode=osi&th=1&psc=1"><img src="https://m.media-amazon.com/images/I/51gioz5VnSL._SL500_.jpg" alt="Product Image"></a><p>MSUPSAV Gardening Gloves for Gardening,Synthetic Leather Garden Gloves,Work Gloves with Touch Screen,Best Gifts for Women,Green, Medium</p><p>$11.99</p><a href="https://www.amazon.com/dp/B0BHZXPXW9?tag=eloabder-20&linkCode=osi&th=1&psc=1">View Product</a></div><div class="product"><a href="https://www.amazon.com/dp/B0B5RFV1BK?tag=eloabder-20&linkCode=osi&th=1&psc=1"><img src="https://m.media-amazon.com/images/I/51bX+IeFx+L._SL500_.jpg" alt="Product Image"></a><p>MSUPSAV Genuine Leather Gardening Gloves,Thornproof & Puncture Resistant Garden Gloves,Gardening Gloves for Women,Long Garden Gloves,Rose Gloves,Garden Gifts(Small, Tuilp)</p><p>$15.99</p><a href="https://www.amazon.com/dp/B0B5RFV1BK?tag=eloabder-20&linkCode=osi&th=1&psc=1">View Product</a></div>
<div class="product"><a href="https://www.amazon.com/dp/B0D149L1VC?tag=eloabder-20&linkCode=osi&th=1&psc=1"><img src="https://m.media-amazon.com/images/I/41RVIeji+QL._SL500_.jpg" alt="Product Image"></a><p>HLDD HANDLANDY Gardening Gloves Long Sleeve for Women and Men Leather Garden Gloves for Yard & Outdoor Work, Golden Yellow, XL</p><p>$15.98</p><a href="https://www.amazon.com/dp/B0D149L1VC?tag=eloabder-20&linkCode=osi&th=1&psc=1">View Product</a></div>

































<div class="product"><a href="https://www.amazon.com/dp/B0BZBTV7FM?tag=eloabder-20&linkCode=osi&th=1&psc=1"><img src="https://m.media-amazon.com/images/I/41rGR7+6sHL._SL500_.jpg" alt="Product Image"></a><p>Fly Fans for Tables, Fly Fan Indoor Outdoor with Holographic Blades, Batteries Powered Fly Fans Outdoor for Picnic, Party, Restaurant, Kitchen, and BBQ, 4 Pack</p><p>$29.99 ($7.50 / Count)</p><a href="https://www.amazon.com/dp/B0BZBTV7FM?tag=eloabder-20&linkCode=osi&th=1&psc=1">View Product</a></div>
<div class="product"><a href="https://www.amazon.com/dp/B01N6706BP?tag=eloabder-20&linkCode=osi&th=1&psc=1"><img src="https://m.media-amazon.com/images/I/51RI47QQRVL._SL500_.jpg" alt="Product Image"></a><p>Gardzen 3-Pack 72 Gallons Garden Bag - Reuseable Heavy Duty Gardening Bags, Lawn Pool Garden Leaf Waste Bag</p><p>$22.99 ($7.66 / Count)</p><a href="https://www.amazon.com/dp/B01N6706BP?tag=eloabder-20&linkCode=osi&th=1&psc=1">View Product</a></div><div class="product"><a href="https://www.amazon.com/dp/B07BR52P26?tag=eloabder-20&linkCode=osi&th=1&psc=1"><img src="https://m.media-amazon.com/images/I/41TsWY51fbL._SL500_.jpg" alt="Product Image"></a><p>SONKIR Soil pH Meter, MS02 3-in-1 Soil Moisture/Light/pH Tester Gardening Tool Kits for Plant Care, Great for Garden, Lawn, Farm, Indoor & Outdoor Use (Green)</p><p>$9.99</p><a href="https://www.amazon.com/dp/B07BR52P26?tag=eloabder-20&linkCode=osi&th=1&psc=1">View Product</a></div>
<div class="product"><a href="https://www.amazon.com/dp/B09S7YL4QV?tag=eloabder-20&linkCode=osi&th=1&psc=1"><img src="https://m.media-amazon.com/images/I/51eFJ8Uv1xL._SL500_.jpg" alt="Product Image"></a><p>Burpee SuperSeed Seed Starting Tray | 36 Cell Reusable Seed Starter Tray | for Starting Vegetable, Flower & Herb Seeds | Indoor Grow Kit for Plant Seedlings | for Germination Success</p><p>$11.97</p><a href="https://www.amazon.com/dp/B09S7YL4QV?tag=eloabder-20&linkCode=osi&th=1&psc=1">View Product</a></div><div class="product"><a href="https://www.amazon.com/dp/B01MU394JM?tag=eloabder-20&linkCode=osi&th=1&psc=1"><img src="https://m.media-amazon.com/images/I/517TE2AFBZL._SL500_.jpg" alt="Product Image"></a><p>Miracle-Gro Shake 'N Feed Tomato, Fruit & Vegetable Plant Food, 1 lb.</p><p>$8.08 ($0.50 / Ounce)</p><a href="https://www.amazon.com/dp/B01MU394JM?tag=eloabder-20&linkCode=osi&th=1&psc=1">View Product</a></div>
<div class="product"><a href="https://www.amazon.com/dp/B09SV8J649?tag=eloabder-20&linkCode=osi&th=1&psc=1"><img src="https://m.media-amazon.com/images/I/51G3IdGm9mL._SL500_.jpg" alt="Product Image"></a><p>Miracle-Gro Women's Nitrile Coated Grip Floral Pattern Gardening Work Gloves, Extreme Comfort, Excellent Grip, Water Resistant, Pink/Purple, Small, (MG37126/WSM)</p><p>$5.99</p><a href="https://www.amazon.com/dp/B09SV8J649?tag=eloabder-20&linkCode=osi&th=1&psc=1">View Product</a></div><div class="product"><a href="https://www.amazon.com/dp/B0BHZXPXW9?tag=eloabder-20&linkCode=osi&th=1&psc=1"><img src="https://m.media-amazon.com/images/I/51gioz5VnSL._SL500_.jpg" alt="Product Image"></a><p>MSUPSAV Gardening Gloves for Gardening,Synthetic Leather Garden Gloves,Work Gloves with Touch Screen,Best Gifts for Women,Green, Medium</p><p>$11.99</p><a href="https://www.amazon.com/dp/B0BHZXPXW9?tag=eloabder-20&linkCode=osi&th=1&psc=1">View Product</a></div><div class="product"><a href="https://www.amazon.com/dp/B0B5RFV1BK?tag=eloabder-20&linkCode=osi&th=1&psc=1"><img src="https://m.media-amazon.com/images/I/51bX+IeFx+L._SL500_.jpg" alt="Product Image"></a><p>MSUPSAV Genuine Leather Gardening Gloves,Thornproof & Puncture Resistant Garden Gloves,Gardening Gloves for Women,Long Garden Gloves,Rose Gloves,Garden Gifts(Small, Tuilp)</p><p>$15.99</p><a href="https://www.amazon.com/dp/B0B5RFV1BK?tag=eloabder-20&linkCode=osi&th=1&psc=1">View Product</a></div>
<div class="product"><a href="https://www.amazon.com/dp/B0D149L1VC?tag=eloabder-20&linkCode=osi&th=1&psc=1"><img src="https://m.media-amazon.com/images/I/41RVIeji+QL._SL500_.jpg" alt="Product Image"></a><p>HLDD HANDLANDY Gardening Gloves Long Sleeve for Women and Men Leather Garden Gloves for Yard & Outdoor Work, Golden Yellow, XL</p><p>$15.98</p><a href="https://www.amazon.com/dp/B0D149L1VC?tag=eloabder-20&linkCode=osi&th=1&psc=1">View Product</a></div>


































<div class="product"><a href="https://www.amazon.com/dp/B0BZBTV7FM?tag=eloabder-20&linkCode=osi&th=1&psc=1"><img src="https://m.media-amazon.com/images/I/41rGR7+6sHL._SL500_.jpg" alt="Product Image"></a><p>Fly Fans for Tables, Fly Fan Indoor Outdoor with Holographic Blades, Batteries Powered Fly Fans Outdoor for Picnic, Party, Restaurant, Kitchen, and BBQ, 4 Pack</p><p>$29.99 ($7.50 / Count)</p><a href="https://www.amazon.com/dp/B0BZBTV7FM?tag=eloabder-20&linkCode=osi&th=1&psc=1">View Product</a></div>
<div class="product"><a href="https://www.amazon.com/dp/B01N6706BP?tag=eloabder-20&linkCode=osi&th=1&psc=1"><img src="https://m.media-amazon.com/images/I/51RI47QQRVL._SL500_.jpg" alt="Product Image"></a><p>Gardzen 3-Pack 72 Gallons Garden Bag - Reuseable Heavy Duty Gardening Bags, Lawn Pool Garden Leaf Waste Bag</p><p>$22.99 ($7.66 / Count)</p><a href="https://www.amazon.com/dp/B01N6706BP?tag=eloabder-20&linkCode=osi&th=1&psc=1">View Product</a></div><div class="product"><a href="https://www.amazon.com/dp/B07BR52P26?tag=eloabder-20&linkCode=osi&th=1&psc=1"><img src="https://m.media-amazon.com/images/I/41TsWY51fbL._SL500_.jpg" alt="Product Image"></a><p>SONKIR Soil pH Meter, MS02 3-in-1 Soil Moisture/Light/pH Tester Gardening Tool Kits for Plant Care, Great for Garden, Lawn, Farm, Indoor & Outdoor Use (Green)</p><p>$9.99</p><a href="https://www.amazon.com/dp/B07BR52P26?tag=eloabder-20&linkCode=osi&th=1&psc=1">View Product</a></div>
<div class="product"><a href="https://www.amazon.com/dp/B09S7YL4QV?tag=eloabder-20&linkCode=osi&th=1&psc=1"><img src="https://m.media-amazon.com/images/I/51eFJ8Uv1xL._SL500_.jpg" alt="Product Image"></a><p>Burpee SuperSeed Seed Starting Tray | 36 Cell Reusable Seed Starter Tray | for Starting Vegetable, Flower & Herb Seeds | Indoor Grow Kit for Plant Seedlings | for Germination Success</p><p>$11.97</p><a href="https://www.amazon.com/dp/B09S7YL4QV?tag=eloabder-20&linkCode=osi&th=1&psc=1">View Product</a></div><div class="product"><a href="https://www.amazon.com/dp/B01MU394JM?tag=eloabder-20&linkCode=osi&th=1&psc=1"><img src="https://m.media-amazon.com/images/I/517TE2AFBZL._SL500_.jpg" alt="Product Image"></a><p>Miracle-Gro Shake 'N Feed Tomato, Fruit & Vegetable Plant Food, 1 lb.</p><p>$8.08 ($0.50 / Ounce)</p><a href="https://www.amazon.com/dp/B01MU394JM?tag=eloabder-20&linkCode=osi&th=1&psc=1">View Product</a></div>
<div class="product"><a href="https://www.amazon.com/dp/B09SV8J649?tag=eloabder-20&linkCode=osi&th=1&psc=1"><img src="https://m.media-amazon.com/images/I/51G3IdGm9mL._SL500_.jpg" alt="Product Image"></a><p>Miracle-Gro Women's Nitrile Coated Grip Floral Pattern Gardening Work Gloves, Extreme Comfort, Excellent Grip, Water Resistant, Pink/Purple, Small, (MG37126/WSM)</p><p>$5.99</p><a href="https://www.amazon.com/dp/B09SV8J649?tag=eloabder-20&linkCode=osi&th=1&psc=1">View Product</a></div><div class="product"><a href="https://www.amazon.com/dp/B0BHZXPXW9?tag=eloabder-20&linkCode=osi&th=1&psc=1"><img src="https://m.media-amazon.com/images/I/51gioz5VnSL._SL500_.jpg" alt="Product Image"></a><p>MSUPSAV Gardening Gloves for Gardening,Synthetic Leather Garden Gloves,Work Gloves with Touch Screen,Best Gifts for Women,Green, Medium</p><p>$11.99</p><a href="https://www.amazon.com/dp/B0BHZXPXW9?tag=eloabder-20&linkCode=osi&th=1&psc=1">View Product</a></div><div class="product"><a href="https://www.amazon.com/dp/B0B5RFV1BK?tag=eloabder-20&linkCode=osi&th=1&psc=1"><img src="https://m.media-amazon.com/images/I/51bX+IeFx+L._SL500_.jpg" alt="Product Image"></a><p>MSUPSAV Genuine Leather Gardening Gloves,Thornproof & Puncture Resistant Garden Gloves,Gardening Gloves for Women,Long Garden Gloves,Rose Gloves,Garden Gifts(Small, Tuilp)</p><p>$15.99</p><a href="https://www.amazon.com/dp/B0B5RFV1BK?tag=eloabder-20&linkCode=osi&th=1&psc=1">View Product</a></div>
<div class="product"><a href="https://www.amazon.com/dp/B0D149L1VC?tag=eloabder-20&linkCode=osi&th=1&psc=1"><img src="https://m.media-amazon.com/images/I/41RVIeji+QL._SL500_.jpg" alt="Product Image"></a><p>HLDD HANDLANDY Gardening Gloves Long Sleeve for Women and Men Leather Garden Gloves for Yard & Outdoor Work, Golden Yellow, XL</p><p>$15.98</p><a href="https://www.amazon.com/dp/B0D149L1VC?tag=eloabder-20&linkCode=osi&th=1&psc=1">View Product</a></div>



































<div class="product"><a href="https://www.amazon.com/dp/B0BZBTV7FM?tag=eloabder-20&linkCode=osi&th=1&psc=1"><img src="https://m.media-amazon.com/images/I/41rGR7+6sHL._SL500_.jpg" alt="Product Image"></a><p>Fly Fans for Tables, Fly Fan Indoor Outdoor with Holographic Blades, Batteries Powered Fly Fans Outdoor for Picnic, Party, Restaurant, Kitchen, and BBQ, 4 Pack</p><p>$29.99 ($7.50 / Count)</p><a href="https://www.amazon.com/dp/B0BZBTV7FM?tag=eloabder-20&linkCode=osi&th=1&psc=1">View Product</a></div>
<div class="product"><a href="https://www.amazon.com/dp/B01N6706BP?tag=eloabder-20&linkCode=osi&th=1&psc=1"><img src="https://m.media-amazon.com/images/I/51RI47QQRVL._SL500_.jpg" alt="Product Image"></a><p>Gardzen 3-Pack 72 Gallons Garden Bag - Reuseable Heavy Duty Gardening Bags, Lawn Pool Garden Leaf Waste Bag</p><p>$22.99 ($7.66 / Count)</p><a href="https://www.amazon.com/dp/B01N6706BP?tag=eloabder-20&linkCode=osi&th=1&psc=1">View Product</a></div><div class="product"><a href="https://www.amazon.com/dp/B07BR52P26?tag=eloabder-20&linkCode=osi&th=1&psc=1"><img src="https://m.media-amazon.com/images/I/41TsWY51fbL._SL500_.jpg" alt="Product Image"></a><p>SONKIR Soil pH Meter, MS02 3-in-1 Soil Moisture/Light/pH Tester Gardening Tool Kits for Plant Care, Great for Garden, Lawn, Farm, Indoor & Outdoor Use (Green)</p><p>$9.99</p><a href="https://www.amazon.com/dp/B07BR52P26?tag=eloabder-20&linkCode=osi&th=1&psc=1">View Product</a></div>
<div class="product"><a href="https://www.amazon.com/dp/B09S7YL4QV?tag=eloabder-20&linkCode=osi&th=1&psc=1"><img src="https://m.media-amazon.com/images/I/51eFJ8Uv1xL._SL500_.jpg" alt="Product Image"></a><p>Burpee SuperSeed Seed Starting Tray | 36 Cell Reusable Seed Starter Tray | for Starting Vegetable, Flower & Herb Seeds | Indoor Grow Kit for Plant Seedlings | for Germination Success</p><p>$11.97</p><a href="https://www.amazon.com/dp/B09S7YL4QV?tag=eloabder-20&linkCode=osi&th=1&psc=1">View Product</a></div><div class="product"><a href="https://www.amazon.com/dp/B01MU394JM?tag=eloabder-20&linkCode=osi&th=1&psc=1"><img src="https://m.media-amazon.com/images/I/517TE2AFBZL._SL500_.jpg" alt="Product Image"></a><p>Miracle-Gro Shake 'N Feed Tomato, Fruit & Vegetable Plant Food, 1 lb.</p><p>$8.08 ($0.50 / Ounce)</p><a href="https://www.amazon.com/dp/B01MU394JM?tag=eloabder-20&linkCode=osi&th=1&psc=1">View Product</a></div>
<div class="product"><a href="https://www.amazon.com/dp/B09SV8J649?tag=eloabder-20&linkCode=osi&th=1&psc=1"><img src="https://m.media-amazon.com/images/I/51G3IdGm9mL._SL500_.jpg" alt="Product Image"></a><p>Miracle-Gro Women's Nitrile Coated Grip Floral Pattern Gardening Work Gloves, Extreme Comfort, Excellent Grip, Water Resistant, Pink/Purple, Small, (MG37126/WSM)</p><p>$5.99</p><a href="https://www.amazon.com/dp/B09SV8J649?tag=eloabder-20&linkCode=osi&th=1&psc=1">View Product</a></div><div class="product"><a href="https://www.amazon.com/dp/B0BHZXPXW9?tag=eloabder-20&linkCode=osi&th=1&psc=1"><img src="https://m.media-amazon.com/images/I/51gioz5VnSL._SL500_.jpg" alt="Product Image"></a><p>MSUPSAV Gardening Gloves for Gardening,Synthetic Leather Garden Gloves,Work Gloves with Touch Screen,Best Gifts for Women,Green, Medium</p><p>$11.99</p><a href="https://www.amazon.com/dp/B0BHZXPXW9?tag=eloabder-20&linkCode=osi&th=1&psc=1">View Product</a></div><div class="product"><a href="https://www.amazon.com/dp/B0B5RFV1BK?tag=eloabder-20&linkCode=osi&th=1&psc=1"><img src="https://m.media-amazon.com/images/I/51bX+IeFx+L._SL500_.jpg" alt="Product Image"></a><p>MSUPSAV Genuine Leather Gardening Gloves,Thornproof & Puncture Resistant Garden Gloves,Gardening Gloves for Women,Long Garden Gloves,Rose Gloves,Garden Gifts(Small, Tuilp)</p><p>$15.99</p><a href="https://www.amazon.com/dp/B0B5RFV1BK?tag=eloabder-20&linkCode=osi&th=1&psc=1">View Product</a></div>
<div class="product"><a href="https://www.amazon.com/dp/B0D149L1VC?tag=eloabder-20&linkCode=osi&th=1&psc=1"><img src="https://m.media-amazon.com/images/I/41RVIeji+QL._SL500_.jpg" alt="Product Image"></a><p>HLDD HANDLANDY Gardening Gloves Long Sleeve for Women and Men Leather Garden Gloves for Yard & Outdoor Work, Golden Yellow, XL</p><p>$15.98</p><a href="https://www.amazon.com/dp/B0D149L1VC?tag=eloabder-20&linkCode=osi&th=1&psc=1">View Product</a></div>




































<div class="product"><a href="https://www.amazon.com/dp/B0BZBTV7FM?tag=eloabder-20&linkCode=osi&th=1&psc=1"><img src="https://m.media-amazon.com/images/I/41rGR7+6sHL._SL500_.jpg" alt="Product Image"></a><p>Fly Fans for Tables, Fly Fan Indoor Outdoor with Holographic Blades, Batteries Powered Fly Fans Outdoor for Picnic, Party, Restaurant, Kitchen, and BBQ, 4 Pack</p><p>$29.99 ($7.50 / Count)</p><a href="https://www.amazon.com/dp/B0BZBTV7FM?tag=eloabder-20&linkCode=osi&th=1&psc=1">View Product</a></div>
<div class="product"><a href="https://www.amazon.com/dp/B01N6706BP?tag=eloabder-20&linkCode=osi&th=1&psc=1"><img src="https://m.media-amazon.com/images/I/51RI47QQRVL._SL500_.jpg" alt="Product Image"></a><p>Gardzen 3-Pack 72 Gallons Garden Bag - Reuseable Heavy Duty Gardening Bags, Lawn Pool Garden Leaf Waste Bag</p><p>$22.99 ($7.66 / Count)</p><a href="https://www.amazon.com/dp/B01N6706BP?tag=eloabder-20&linkCode=osi&th=1&psc=1">View Product</a></div><div class="product"><a href="https://www.amazon.com/dp/B07BR52P26?tag=eloabder-20&linkCode=osi&th=1&psc=1"><img src="https://m.media-amazon.com/images/I/41TsWY51fbL._SL500_.jpg" alt="Product Image"></a><p>SONKIR Soil pH Meter, MS02 3-in-1 Soil Moisture/Light/pH Tester Gardening Tool Kits for Plant Care, Great for Garden, Lawn, Farm, Indoor & Outdoor Use (Green)</p><p>$9.99</p><a href="https://www.amazon.com/dp/B07BR52P26?tag=eloabder-20&linkCode=osi&th=1&psc=1">View Product</a></div>
<div class="product"><a href="https://www.amazon.com/dp/B09S7YL4QV?tag=eloabder-20&linkCode=osi&th=1&psc=1"><img src="https://m.media-amazon.com/images/I/51eFJ8Uv1xL._SL500_.jpg" alt="Product Image"></a><p>Burpee SuperSeed Seed Starting Tray | 36 Cell Reusable Seed Starter Tray | for Starting Vegetable, Flower & Herb Seeds | Indoor Grow Kit for Plant Seedlings | for Germination Success</p><p>$11.97</p><a href="https://www.amazon.com/dp/B09S7YL4QV?tag=eloabder-20&linkCode=osi&th=1&psc=1">View Product</a></div><div class="product"><a href="https://www.amazon.com/dp/B01MU394JM?tag=eloabder-20&linkCode=osi&th=1&psc=1"><img src="https://m.media-amazon.com/images/I/517TE2AFBZL._SL500_.jpg" alt="Product Image"></a><p>Miracle-Gro Shake 'N Feed Tomato, Fruit & Vegetable Plant Food, 1 lb.</p><p>$8.08 ($0.50 / Ounce)</p><a href="https://www.amazon.com/dp/B01MU394JM?tag=eloabder-20&linkCode=osi&th=1&psc=1">View Product</a></div>
<div class="product"><a href="https://www.amazon.com/dp/B09SV8J649?tag=eloabder-20&linkCode=osi&th=1&psc=1"><img src="https://m.media-amazon.com/images/I/51G3IdGm9mL._SL500_.jpg" alt="Product Image"></a><p>Miracle-Gro Women's Nitrile Coated Grip Floral Pattern Gardening Work Gloves, Extreme Comfort, Excellent Grip, Water Resistant, Pink/Purple, Small, (MG37126/WSM)</p><p>$5.99</p><a href="https://www.amazon.com/dp/B09SV8J649?tag=eloabder-20&linkCode=osi&th=1&psc=1">View Product</a></div><div class="product"><a href="https://www.amazon.com/dp/B0BHZXPXW9?tag=eloabder-20&linkCode=osi&th=1&psc=1"><img src="https://m.media-amazon.com/images/I/51gioz5VnSL._SL500_.jpg" alt="Product Image"></a><p>MSUPSAV Gardening Gloves for Gardening,Synthetic Leather Garden Gloves,Work Gloves with Touch Screen,Best Gifts for Women,Green, Medium</p><p>$11.99</p><a href="https://www.amazon.com/dp/B0BHZXPXW9?tag=eloabder-20&linkCode=osi&th=1&psc=1">View Product</a></div><div class="product"><a href="https://www.amazon.com/dp/B0B5RFV1BK?tag=eloabder-20&linkCode=osi&th=1&psc=1"><img src="https://m.media-amazon.com/images/I/51bX+IeFx+L._SL500_.jpg" alt="Product Image"></a><p>MSUPSAV Genuine Leather Gardening Gloves,Thornproof & Puncture Resistant Garden Gloves,Gardening Gloves for Women,Long Garden Gloves,Rose Gloves,Garden Gifts(Small, Tuilp)</p><p>$15.99</p><a href="https://www.amazon.com/dp/B0B5RFV1BK?tag=eloabder-20&linkCode=osi&th=1&psc=1">View Product</a></div>
<div class="product"><a href="https://www.amazon.com/dp/B0D149L1VC?tag=eloabder-20&linkCode=osi&th=1&psc=1"><img src="https://m.media-amazon.com/images/I/41RVIeji+QL._SL500_.jpg" alt="Product Image"></a><p>HLDD HANDLANDY Gardening Gloves Long Sleeve for Women and Men Leather Garden Gloves for Yard & Outdoor Work, Golden Yellow, XL</p><p>$15.98</p><a href="https://www.amazon.com/dp/B0D149L1VC?tag=eloabder-20&linkCode=osi&th=1&psc=1">View Product</a></div>





































<div class="product"><a href="https://www.amazon.com/dp/B0BZBTV7FM?tag=eloabder-20&linkCode=osi&th=1&psc=1"><img src="https://m.media-amazon.com/images/I/41rGR7+6sHL._SL500_.jpg" alt="Product Image"></a><p>Fly Fans for Tables, Fly Fan Indoor Outdoor with Holographic Blades, Batteries Powered Fly Fans Outdoor for Picnic, Party, Restaurant, Kitchen, and BBQ, 4 Pack</p><p>$29.99 ($7.50 / Count)</p><a href="https://www.amazon.com/dp/B0BZBTV7FM?tag=eloabder-20&linkCode=osi&th=1&psc=1">View Product</a></div>
<div class="product"><a href="https://www.amazon.com/dp/B01N6706BP?tag=eloabder-20&linkCode=osi&th=1&psc=1"><img src="https://m.media-amazon.com/images/I/51RI47QQRVL._SL500_.jpg" alt="Product Image"></a><p>Gardzen 3-Pack 72 Gallons Garden Bag - Reuseable Heavy Duty Gardening Bags, Lawn Pool Garden Leaf Waste Bag</p><p>$22.99 ($7.66 / Count)</p><a href="https://www.amazon.com/dp/B01N6706BP?tag=eloabder-20&linkCode=osi&th=1&psc=1">View Product</a></div><div class="product"><a href="https://www.amazon.com/dp/B07BR52P26?tag=eloabder-20&linkCode=osi&th=1&psc=1"><img src="https://m.media-amazon.com/images/I/41TsWY51fbL._SL500_.jpg" alt="Product Image"></a><p>SONKIR Soil pH Meter, MS02 3-in-1 Soil Moisture/Light/pH Tester Gardening Tool Kits for Plant Care, Great for Garden, Lawn, Farm, Indoor & Outdoor Use (Green)</p><p>$9.99</p><a href="https://www.amazon.com/dp/B07BR52P26?tag=eloabder-20&linkCode=osi&th=1&psc=1">View Product</a></div>
<div class="product"><a href="https://www.amazon.com/dp/B09S7YL4QV?tag=eloabder-20&linkCode=osi&th=1&psc=1"><img src="https://m.media-amazon.com/images/I/51eFJ8Uv1xL._SL500_.jpg" alt="Product Image"></a><p>Burpee SuperSeed Seed Starting Tray | 36 Cell Reusable Seed Starter Tray | for Starting Vegetable, Flower & Herb Seeds | Indoor Grow Kit for Plant Seedlings | for Germination Success</p><p>$11.97</p><a href="https://www.amazon.com/dp/B09S7YL4QV?tag=eloabder-20&linkCode=osi&th=1&psc=1">View Product</a></div><div class="product"><a href="https://www.amazon.com/dp/B01MU394JM?tag=eloabder-20&linkCode=osi&th=1&psc=1"><img src="https://m.media-amazon.com/images/I/517TE2AFBZL._SL500_.jpg" alt="Product Image"></a><p>Miracle-Gro Shake 'N Feed Tomato, Fruit & Vegetable Plant Food, 1 lb.</p><p>$8.08 ($0.50 / Ounce)</p><a href="https://www.amazon.com/dp/B01MU394JM?tag=eloabder-20&linkCode=osi&th=1&psc=1">View Product</a></div>
<div class="product"><a href="https://www.amazon.com/dp/B09SV8J649?tag=eloabder-20&linkCode=osi&th=1&psc=1"><img src="https://m.media-amazon.com/images/I/51G3IdGm9mL._SL500_.jpg" alt="Product Image"></a><p>Miracle-Gro Women's Nitrile Coated Grip Floral Pattern Gardening Work Gloves, Extreme Comfort, Excellent Grip, Water Resistant, Pink/Purple, Small, (MG37126/WSM)</p><p>$5.99</p><a href="https://www.amazon.com/dp/B09SV8J649?tag=eloabder-20&linkCode=osi&th=1&psc=1">View Product</a></div><div class="product"><a href="https://www.amazon.com/dp/B0BHZXPXW9?tag=eloabder-20&linkCode=osi&th=1&psc=1"><img src="https://m.media-amazon.com/images/I/51gioz5VnSL._SL500_.jpg" alt="Product Image"></a><p>MSUPSAV Gardening Gloves for Gardening,Synthetic Leather Garden Gloves,Work Gloves with Touch Screen,Best Gifts for Women,Green, Medium</p><p>$11.99</p><a href="https://www.amazon.com/dp/B0BHZXPXW9?tag=eloabder-20&linkCode=osi&th=1&psc=1">View Product</a></div><div class="product"><a href="https://www.amazon.com/dp/B0B5RFV1BK?tag=eloabder-20&linkCode=osi&th=1&psc=1"><img src="https://m.media-amazon.com/images/I/51bX+IeFx+L._SL500_.jpg" alt="Product Image"></a><p>MSUPSAV Genuine Leather Gardening Gloves,Thornproof & Puncture Resistant Garden Gloves,Gardening Gloves for Women,Long Garden Gloves,Rose Gloves,Garden Gifts(Small, Tuilp)</p><p>$15.99</p><a href="https://www.amazon.com/dp/B0B5RFV1BK?tag=eloabder-20&linkCode=osi&th=1&psc=1">View Product</a></div>
<div class="product"><a href="https://www.amazon.com/dp/B0D149L1VC?tag=eloabder-20&linkCode=osi&th=1&psc=1"><img src="https://m.media-amazon.com/images/I/41RVIeji+QL._SL500_.jpg" alt="Product Image"></a><p>HLDD HANDLANDY Gardening Gloves Long Sleeve for Women and Men Leather Garden Gloves for Yard & Outdoor Work, Golden Yellow, XL</p><p>$15.98</p><a href="https://www.amazon.com/dp/B0D149L1VC?tag=eloabder-20&linkCode=osi&th=1&psc=1">View Product</a></div>






































<div class="product"><a href="https://www.amazon.com/dp/B0BZBTV7FM?tag=eloabder-20&linkCode=osi&th=1&psc=1"><img src="https://m.media-amazon.com/images/I/41rGR7+6sHL._SL500_.jpg" alt="Product Image"></a><p>Fly Fans for Tables, Fly Fan Indoor Outdoor with Holographic Blades, Batteries Powered Fly Fans Outdoor for Picnic, Party, Restaurant, Kitchen, and BBQ, 4 Pack</p><p>$29.99 ($7.50 / Count)</p><a href="https://www.amazon.com/dp/B0BZBTV7FM?tag=eloabder-20&linkCode=osi&th=1&psc=1">View Product</a></div>
<div class="product"><a href="https://www.amazon.com/dp/B01N6706BP?tag=eloabder-20&linkCode=osi&th=1&psc=1"><img src="https://m.media-amazon.com/images/I/51RI47QQRVL._SL500_.jpg" alt="Product Image"></a><p>Gardzen 3-Pack 72 Gallons Garden Bag - Reuseable Heavy Duty Gardening Bags, Lawn Pool Garden Leaf Waste Bag</p><p>$22.99 ($7.66 / Count)</p><a href="https://www.amazon.com/dp/B01N6706BP?tag=eloabder-20&linkCode=osi&th=1&psc=1">View Product</a></div><div class="product"><a href="https://www.amazon.com/dp/B07BR52P26?tag=eloabder-20&linkCode=osi&th=1&psc=1"><img src="https://m.media-amazon.com/images/I/41TsWY51fbL._SL500_.jpg" alt="Product Image"></a><p>SONKIR Soil pH Meter, MS02 3-in-1 Soil Moisture/Light/pH Tester Gardening Tool Kits for Plant Care, Great for Garden, Lawn, Farm, Indoor & Outdoor Use (Green)</p><p>$9.99</p><a href="https://www.amazon.com/dp/B07BR52P26?tag=eloabder-20&linkCode=osi&th=1&psc=1">View Product</a></div>
<div class="product"><a href="https://www.amazon.com/dp/B09S7YL4QV?tag=eloabder-20&linkCode=osi&th=1&psc=1"><img src="https://m.media-amazon.com/images/I/51eFJ8Uv1xL._SL500_.jpg" alt="Product Image"></a><p>Burpee SuperSeed Seed Starting Tray | 36 Cell Reusable Seed Starter Tray | for Starting Vegetable, Flower & Herb Seeds | Indoor Grow Kit for Plant Seedlings | for Germination Success</p><p>$11.97</p><a href="https://www.amazon.com/dp/B09S7YL4QV?tag=eloabder-20&linkCode=osi&th=1&psc=1">View Product</a></div><div class="product"><a href="https://www.amazon.com/dp/B01MU394JM?tag=eloabder-20&linkCode=osi&th=1&psc=1"><img src="https://m.media-amazon.com/images/I/517TE2AFBZL._SL500_.jpg" alt="Product Image"></a><p>Miracle-Gro Shake 'N Feed Tomato, Fruit & Vegetable Plant Food, 1 lb.</p><p>$8.08 ($0.50 / Ounce)</p><a href="https://www.amazon.com/dp/B01MU394JM?tag=eloabder-20&linkCode=osi&th=1&psc=1">View Product</a></div>
<div class="product"><a href="https://www.amazon.com/dp/B09SV8J649?tag=eloabder-20&linkCode=osi&th=1&psc=1"><img src="https://m.media-amazon.com/images/I/51G3IdGm9mL._SL500_.jpg" alt="Product Image"></a><p>Miracle-Gro Women's Nitrile Coated Grip Floral Pattern Gardening Work Gloves, Extreme Comfort, Excellent Grip, Water Resistant, Pink/Purple, Small, (MG37126/WSM)</p><p>$5.99</p><a href="https://www.amazon.com/dp/B09SV8J649?tag=eloabder-20&linkCode=osi&th=1&psc=1">View Product</a></div><div class="product"><a href="https://www.amazon.com/dp/B0BHZXPXW9?tag=eloabder-20&linkCode=osi&th=1&psc=1"><img src="https://m.media-amazon.com/images/I/51gioz5VnSL._SL500_.jpg" alt="Product Image"></a><p>MSUPSAV Gardening Gloves for Gardening,Synthetic Leather Garden Gloves,Work Gloves with Touch Screen,Best Gifts for Women,Green, Medium</p><p>$11.99</p><a href="https://www.amazon.com/dp/B0BHZXPXW9?tag=eloabder-20&linkCode=osi&th=1&psc=1">View Product</a></div><div class="product"><a href="https://www.amazon.com/dp/B0B5RFV1BK?tag=eloabder-20&linkCode=osi&th=1&psc=1"><img src="https://m.media-amazon.com/images/I/51bX+IeFx+L._SL500_.jpg" alt="Product Image"></a><p>MSUPSAV Genuine Leather Gardening Gloves,Thornproof & Puncture Resistant Garden Gloves,Gardening Gloves for Women,Long Garden Gloves,Rose Gloves,Garden Gifts(Small, Tuilp)</p><p>$15.99</p><a href="https://www.amazon.com/dp/B0B5RFV1BK?tag=eloabder-20&linkCode=osi&th=1&psc=1">View Product</a></div>
<div class="product"><a href="https://www.amazon.com/dp/B0D149L1VC?tag=eloabder-20&linkCode=osi&th=1&psc=1"><img src="https://m.media-amazon.com/images/I/41RVIeji+QL._SL500_.jpg" alt="Product Image"></a><p>HLDD HANDLANDY Gardening Gloves Long Sleeve for Women and Men Leather Garden Gloves for Yard & Outdoor Work, Golden Yellow, XL</p><p>$15.98</p><a href="https://www.amazon.com/dp/B0D149L1VC?tag=eloabder-20&linkCode=osi&th=1&psc=1">View Product</a></div>







































<div class="product"><a href="https://www.amazon.com/dp/B0BZBTV7FM?tag=eloabder-20&linkCode=osi&th=1&psc=1"><img src="https://m.media-amazon.com/images/I/41rGR7+6sHL._SL500_.jpg" alt="Product Image"></a><p>Fly Fans for Tables, Fly Fan Indoor Outdoor with Holographic Blades, Batteries Powered Fly Fans Outdoor for Picnic, Party, Restaurant, Kitchen, and BBQ, 4 Pack</p><p>$29.99 ($7.50 / Count)</p><a href="https://www.amazon.com/dp/B0BZBTV7FM?tag=eloabder-20&linkCode=osi&th=1&psc=1">View Product</a></div>
<div class="product"><a href="https://www.amazon.com/dp/B01N6706BP?tag=eloabder-20&linkCode=osi&th=1&psc=1"><img src="https://m.media-amazon.com/images/I/51RI47QQRVL._SL500_.jpg" alt="Product Image"></a><p>Gardzen 3-Pack 72 Gallons Garden Bag - Reuseable Heavy Duty Gardening Bags, Lawn Pool Garden Leaf Waste Bag</p><p>$22.99 ($7.66 / Count)</p><a href="https://www.amazon.com/dp/B01N6706BP?tag=eloabder-20&linkCode=osi&th=1&psc=1">View Product</a></div><div class="product"><a href="https://www.amazon.com/dp/B07BR52P26?tag=eloabder-20&linkCode=osi&th=1&psc=1"><img src="https://m.media-amazon.com/images/I/41TsWY51fbL._SL500_.jpg" alt="Product Image"></a><p>SONKIR Soil pH Meter, MS02 3-in-1 Soil Moisture/Light/pH Tester Gardening Tool Kits for Plant Care, Great for Garden, Lawn, Farm, Indoor & Outdoor Use (Green)</p><p>$9.99</p><a href="https://www.amazon.com/dp/B07BR52P26?tag=eloabder-20&linkCode=osi&th=1&psc=1">View Product</a></div>
<div class="product"><a href="https://www.amazon.com/dp/B09S7YL4QV?tag=eloabder-20&linkCode=osi&th=1&psc=1"><img src="https://m.media-amazon.com/images/I/51eFJ8Uv1xL._SL500_.jpg" alt="Product Image"></a><p>Burpee SuperSeed Seed Starting Tray | 36 Cell Reusable Seed Starter Tray | for Starting Vegetable, Flower & Herb Seeds | Indoor Grow Kit for Plant Seedlings | for Germination Success</p><p>$11.97</p><a href="https://www.amazon.com/dp/B09S7YL4QV?tag=eloabder-20&linkCode=osi&th=1&psc=1">View Product</a></div><div class="product"><a href="https://www.amazon.com/dp/B01MU394JM?tag=eloabder-20&linkCode=osi&th=1&psc=1"><img src="https://m.media-amazon.com/images/I/517TE2AFBZL._SL500_.jpg" alt="Product Image"></a><p>Miracle-Gro Shake 'N Feed Tomato, Fruit & Vegetable Plant Food, 1 lb.</p><p>$8.08 ($0.50 / Ounce)</p><a href="https://www.amazon.com/dp/B01MU394JM?tag=eloabder-20&linkCode=osi&th=1&psc=1">View Product</a></div>
<div class="product"><a href="https://www.amazon.com/dp/B09SV8J649?tag=eloabder-20&linkCode=osi&th=1&psc=1"><img src="https://m.media-amazon.com/images/I/51G3IdGm9mL._SL500_.jpg" alt="Product Image"></a><p>Miracle-Gro Women's Nitrile Coated Grip Floral Pattern Gardening Work Gloves, Extreme Comfort, Excellent Grip, Water Resistant, Pink/Purple, Small, (MG37126/WSM)</p><p>$5.99</p><a href="https://www.amazon.com/dp/B09SV8J649?tag=eloabder-20&linkCode=osi&th=1&psc=1">View Product</a></div><div class="product"><a href="https://www.amazon.com/dp/B0BHZXPXW9?tag=eloabder-20&linkCode=osi&th=1&psc=1"><img src="https://m.media-amazon.com/images/I/51gioz5VnSL._SL500_.jpg" alt="Product Image"></a><p>MSUPSAV Gardening Gloves for Gardening,Synthetic Leather Garden Gloves,Work Gloves with Touch Screen,Best Gifts for Women,Green, Medium</p><p>$11.99</p><a href="https://www.amazon.com/dp/B0BHZXPXW9?tag=eloabder-20&linkCode=osi&th=1&psc=1">View Product</a></div><div class="product"><a href="https://www.amazon.com/dp/B0B5RFV1BK?tag=eloabder-20&linkCode=osi&th=1&psc=1"><img src="https://m.media-amazon.com/images/I/51bX+IeFx+L._SL500_.jpg" alt="Product Image"></a><p>MSUPSAV Genuine Leather Gardening Gloves,Thornproof & Puncture Resistant Garden Gloves,Gardening Gloves for Women,Long Garden Gloves,Rose Gloves,Garden Gifts(Small, Tuilp)</p><p>$15.99</p><a href="https://www.amazon.com/dp/B0B5RFV1BK?tag=eloabder-20&linkCode=osi&th=1&psc=1">View Product</a></div>
<div class="product"><a href="https://www.amazon.com/dp/B0D149L1VC?tag=eloabder-20&linkCode=osi&th=1&psc=1"><img src="https://m.media-amazon.com/images/I/41RVIeji+QL._SL500_.jpg" alt="Product Image"></a><p>HLDD HANDLANDY Gardening Gloves Long Sleeve for Women and Men Leather Garden Gloves for Yard & Outdoor Work, Golden Yellow, XL</p><p>$15.98</p><a href="https://www.amazon.com/dp/B0D149L1VC?tag=eloabder-20&linkCode=osi&th=1&psc=1">View Product</a></div>








































<div class="product"><a href="https://www.amazon.com/dp/B0BZBTV7FM?tag=eloabder-20&linkCode=osi&th=1&psc=1"><img src="https://m.media-amazon.com/images/I/41rGR7+6sHL._SL500_.jpg" alt="Product Image"></a><p>Fly Fans for Tables, Fly Fan Indoor Outdoor with Holographic Blades, Batteries Powered Fly Fans Outdoor for Picnic, Party, Restaurant, Kitchen, and BBQ, 4 Pack</p><p>$29.99 ($7.50 / Count)</p><a href="https://www.amazon.com/dp/B0BZBTV7FM?tag=eloabder-20&linkCode=osi&th=1&psc=1">View Product</a></div>
<div class="product"><a href="https://www.amazon.com/dp/B01N6706BP?tag=eloabder-20&linkCode=osi&th=1&psc=1"><img src="https://m.media-amazon.com/images/I/51RI47QQRVL._SL500_.jpg" alt="Product Image"></a><p>Gardzen 3-Pack 72 Gallons Garden Bag - Reuseable Heavy Duty Gardening Bags, Lawn Pool Garden Leaf Waste Bag</p><p>$22.99 ($7.66 / Count)</p><a href="https://www.amazon.com/dp/B01N6706BP?tag=eloabder-20&linkCode=osi&th=1&psc=1">View Product</a></div><div class="product"><a href="https://www.amazon.com/dp/B07BR52P26?tag=eloabder-20&linkCode=osi&th=1&psc=1"><img src="https://m.media-amazon.com/images/I/41TsWY51fbL._SL500_.jpg" alt="Product Image"></a><p>SONKIR Soil pH Meter, MS02 3-in-1 Soil Moisture/Light/pH Tester Gardening Tool Kits for Plant Care, Great for Garden, Lawn, Farm, Indoor & Outdoor Use (Green)</p><p>$9.99</p><a href="https://www.amazon.com/dp/B07BR52P26?tag=eloabder-20&linkCode=osi&th=1&psc=1">View Product</a></div>
<div class="product"><a href="https://www.amazon.com/dp/B09S7YL4QV?tag=eloabder-20&linkCode=osi&th=1&psc=1"><img src="https://m.media-amazon.com/images/I/51eFJ8Uv1xL._SL500_.jpg" alt="Product Image"></a><p>Burpee SuperSeed Seed Starting Tray | 36 Cell Reusable Seed Starter Tray | for Starting Vegetable, Flower & Herb Seeds | Indoor Grow Kit for Plant Seedlings | for Germination Success</p><p>$11.97</p><a href="https://www.amazon.com/dp/B09S7YL4QV?tag=eloabder-20&linkCode=osi&th=1&psc=1">View Product</a></div><div class="product"><a href="https://www.amazon.com/dp/B01MU394JM?tag=eloabder-20&linkCode=osi&th=1&psc=1"><img src="https://m.media-amazon.com/images/I/517TE2AFBZL._SL500_.jpg" alt="Product Image"></a><p>Miracle-Gro Shake 'N Feed Tomato, Fruit & Vegetable Plant Food, 1 lb.</p><p>$8.08 ($0.50 / Ounce)</p><a href="https://www.amazon.com/dp/B01MU394JM?tag=eloabder-20&linkCode=osi&th=1&psc=1">View Product</a></div>
<div class="product"><a href="https://www.amazon.com/dp/B09SV8J649?tag=eloabder-20&linkCode=osi&th=1&psc=1"><img src="https://m.media-amazon.com/images/I/51G3IdGm9mL._SL500_.jpg" alt="Product Image"></a><p>Miracle-Gro Women's Nitrile Coated Grip Floral Pattern Gardening Work Gloves, Extreme Comfort, Excellent Grip, Water Resistant, Pink/Purple, Small, (MG37126/WSM)</p><p>$5.99</p><a href="https://www.amazon.com/dp/B09SV8J649?tag=eloabder-20&linkCode=osi&th=1&psc=1">View Product</a></div><div class="product"><a href="https://www.amazon.com/dp/B0BHZXPXW9?tag=eloabder-20&linkCode=osi&th=1&psc=1"><img src="https://m.media-amazon.com/images/I/51gioz5VnSL._SL500_.jpg" alt="Product Image"></a><p>MSUPSAV Gardening Gloves for Gardening,Synthetic Leather Garden Gloves,Work Gloves with Touch Screen,Best Gifts for Women,Green, Medium</p><p>$11.99</p><a href="https://www.amazon.com/dp/B0BHZXPXW9?tag=eloabder-20&linkCode=osi&th=1&psc=1">View Product</a></div><div class="product"><a href="https://www.amazon.com/dp/B0B5RFV1BK?tag=eloabder-20&linkCode=osi&th=1&psc=1"><img src="https://m.media-amazon.com/images/I/51bX+IeFx+L._SL500_.jpg" alt="Product Image"></a><p>MSUPSAV Genuine Leather Gardening Gloves,Thornproof & Puncture Resistant Garden Gloves,Gardening Gloves for Women,Long Garden Gloves,Rose Gloves,Garden Gifts(Small, Tuilp)</p><p>$15.99</p><a href="https://www.amazon.com/dp/B0B5RFV1BK?tag=eloabder-20&linkCode=osi&th=1&psc=1">View Product</a></div>
<div class="product"><a href="https://www.amazon.com/dp/B0D149L1VC?tag=eloabder-20&linkCode=osi&th=1&psc=1"><img src="https://m.media-amazon.com/images/I/41RVIeji+QL._SL500_.jpg" alt="Product Image"></a><p>HLDD HANDLANDY Gardening Gloves Long Sleeve for Women and Men Leather Garden Gloves for Yard & Outdoor Work, Golden Yellow, XL</p><p>$15.98</p><a href="https://www.amazon.com/dp/B0D149L1VC?tag=eloabder-20&linkCode=osi&th=1&psc=1">View Product</a></div>









































<div class="product"><a href="https://www.amazon.com/dp/B0BZBTV7FM?tag=eloabder-20&linkCode=osi&th=1&psc=1"><img src="https://m.media-amazon.com/images/I/41rGR7+6sHL._SL500_.jpg" alt="Product Image"></a><p>Fly Fans for Tables, Fly Fan Indoor Outdoor with Holographic Blades, Batteries Powered Fly Fans Outdoor for Picnic, Party, Restaurant, Kitchen, and BBQ, 4 Pack</p><p>$29.99 ($7.50 / Count)</p><a href="https://www.amazon.com/dp/B0BZBTV7FM?tag=eloabder-20&linkCode=osi&th=1&psc=1">View Product</a></div>
<div class="product"><a href="https://www.amazon.com/dp/B01N6706BP?tag=eloabder-20&linkCode=osi&th=1&psc=1"><img src="https://m.media-amazon.com/images/I/51RI47QQRVL._SL500_.jpg" alt="Product Image"></a><p>Gardzen 3-Pack 72 Gallons Garden Bag - Reuseable Heavy Duty Gardening Bags, Lawn Pool Garden Leaf Waste Bag</p><p>$22.99 ($7.66 / Count)</p><a href="https://www.amazon.com/dp/B01N6706BP?tag=eloabder-20&linkCode=osi&th=1&psc=1">View Product</a></div><div class="product"><a href="https://www.amazon.com/dp/B07BR52P26?tag=eloabder-20&linkCode=osi&th=1&psc=1"><img src="https://m.media-amazon.com/images/I/41TsWY51fbL._SL500_.jpg" alt="Product Image"></a><p>SONKIR Soil pH Meter, MS02 3-in-1 Soil Moisture/Light/pH Tester Gardening Tool Kits for Plant Care, Great for Garden, Lawn, Farm, Indoor & Outdoor Use (Green)</p><p>$9.99</p><a href="https://www.amazon.com/dp/B07BR52P26?tag=eloabder-20&linkCode=osi&th=1&psc=1">View Product</a></div>
<div class="product"><a href="https://www.amazon.com/dp/B09S7YL4QV?tag=eloabder-20&linkCode=osi&th=1&psc=1"><img src="https://m.media-amazon.com/images/I/51eFJ8Uv1xL._SL500_.jpg" alt="Product Image"></a><p>Burpee SuperSeed Seed Starting Tray | 36 Cell Reusable Seed Starter Tray | for Starting Vegetable, Flower & Herb Seeds | Indoor Grow Kit for Plant Seedlings | for Germination Success</p><p>$11.97</p><a href="https://www.amazon.com/dp/B09S7YL4QV?tag=eloabder-20&linkCode=osi&th=1&psc=1">View Product</a></div><div class="product"><a href="https://www.amazon.com/dp/B01MU394JM?tag=eloabder-20&linkCode=osi&th=1&psc=1"><img src="https://m.media-amazon.com/images/I/517TE2AFBZL._SL500_.jpg" alt="Product Image"></a><p>Miracle-Gro Shake 'N Feed Tomato, Fruit & Vegetable Plant Food, 1 lb.</p><p>$8.08 ($0.50 / Ounce)</p><a href="https://www.amazon.com/dp/B01MU394JM?tag=eloabder-20&linkCode=osi&th=1&psc=1">View Product</a></div>
<div class="product"><a href="https://www.amazon.com/dp/B09SV8J649?tag=eloabder-20&linkCode=osi&th=1&psc=1"><img src="https://m.media-amazon.com/images/I/51G3IdGm9mL._SL500_.jpg" alt="Product Image"></a><p>Miracle-Gro Women's Nitrile Coated Grip Floral Pattern Gardening Work Gloves, Extreme Comfort, Excellent Grip, Water Resistant, Pink/Purple, Small, (MG37126/WSM)</p><p>$5.99</p><a href="https://www.amazon.com/dp/B09SV8J649?tag=eloabder-20&linkCode=osi&th=1&psc=1">View Product</a></div><div class="product"><a href="https://www.amazon.com/dp/B0BHZXPXW9?tag=eloabder-20&linkCode=osi&th=1&psc=1"><img src="https://m.media-amazon.com/images/I/51gioz5VnSL._SL500_.jpg" alt="Product Image"></a><p>MSUPSAV Gardening Gloves for Gardening,Synthetic Leather Garden Gloves,Work Gloves with Touch Screen,Best Gifts for Women,Green, Medium</p><p>$11.99</p><a href="https://www.amazon.com/dp/B0BHZXPXW9?tag=eloabder-20&linkCode=osi&th=1&psc=1">View Product</a></div><div class="product"><a href="https://www.amazon.com/dp/B0B5RFV1BK?tag=eloabder-20&linkCode=osi&th=1&psc=1"><img src="https://m.media-amazon.com/images/I/51bX+IeFx+L._SL500_.jpg" alt="Product Image"></a><p>MSUPSAV Genuine Leather Gardening Gloves,Thornproof & Puncture Resistant Garden Gloves,Gardening Gloves for Women,Long Garden Gloves,Rose Gloves,Garden Gifts(Small, Tuilp)</p><p>$15.99</p><a href="https://www.amazon.com/dp/B0B5RFV1BK?tag=eloabder-20&linkCode=osi&th=1&psc=1">View Product</a></div>
<div class="product"><a href="https://www.amazon.com/dp/B0D149L1VC?tag=eloabder-20&linkCode=osi&th=1&psc=1"><img src="https://m.media-amazon.com/images/I/41RVIeji+QL._SL500_.jpg" alt="Product Image"></a><p>HLDD HANDLANDY Gardening Gloves Long Sleeve for Women and Men Leather Garden Gloves for Yard & Outdoor Work, Golden Yellow, XL</p><p>$15.98</p><a href="https://www.amazon.com/dp/B0D149L1VC?tag=eloabder-20&linkCode=osi&th=1&psc=1">View Product</a></div>










































<div class="product"><a href="https://www.amazon.com/dp/B0BZBTV7FM?tag=eloabder-20&linkCode=osi&th=1&psc=1"><img src="https://m.media-amazon.com/images/I/41rGR7+6sHL._SL500_.jpg" alt="Product Image"></a><p>Fly Fans for Tables, Fly Fan Indoor Outdoor with Holographic Blades, Batteries Powered Fly Fans Outdoor for Picnic, Party, Restaurant, Kitchen, and BBQ, 4 Pack</p><p>$29.99 ($7.50 / Count)</p><a href="https://www.amazon.com/dp/B0BZBTV7FM?tag=eloabder-20&linkCode=osi&th=1&psc=1">View Product</a></div>
<div class="product"><a href="https://www.amazon.com/dp/B01N6706BP?tag=eloabder-20&linkCode=osi&th=1&psc=1"><img src="https://m.media-amazon.com/images/I/51RI47QQRVL._SL500_.jpg" alt="Product Image"></a><p>Gardzen 3-Pack 72 Gallons Garden Bag - Reuseable Heavy Duty Gardening Bags, Lawn Pool Garden Leaf Waste Bag</p><p>$22.99 ($7.66 / Count)</p><a href="https://www.amazon.com/dp/B01N6706BP?tag=eloabder-20&linkCode=osi&th=1&psc=1">View Product</a></div><div class="product"><a href="https://www.amazon.com/dp/B07BR52P26?tag=eloabder-20&linkCode=osi&th=1&psc=1"><img src="https://m.media-amazon.com/images/I/41TsWY51fbL._SL500_.jpg" alt="Product Image"></a><p>SONKIR Soil pH Meter, MS02 3-in-1 Soil Moisture/Light/pH Tester Gardening Tool Kits for Plant Care, Great for Garden, Lawn, Farm, Indoor & Outdoor Use (Green)</p><p>$9.99</p><a href="https://www.amazon.com/dp/B07BR52P26?tag=eloabder-20&linkCode=osi&th=1&psc=1">View Product</a></div>
<div class="product"><a href="https://www.amazon.com/dp/B09S7YL4QV?tag=eloabder-20&linkCode=osi&th=1&psc=1"><img src="https://m.media-amazon.com/images/I/51eFJ8Uv1xL._SL500_.jpg" alt="Product Image"></a><p>Burpee SuperSeed Seed Starting Tray | 36 Cell Reusable Seed Starter Tray | for Starting Vegetable, Flower & Herb Seeds | Indoor Grow Kit for Plant Seedlings | for Germination Success</p><p>$11.97</p><a href="https://www.amazon.com/dp/B09S7YL4QV?tag=eloabder-20&linkCode=osi&th=1&psc=1">View Product</a></div><div class="product"><a href="https://www.amazon.com/dp/B01MU394JM?tag=eloabder-20&linkCode=osi&th=1&psc=1"><img src="https://m.media-amazon.com/images/I/517TE2AFBZL._SL500_.jpg" alt="Product Image"></a><p>Miracle-Gro Shake 'N Feed Tomato, Fruit & Vegetable Plant Food, 1 lb.</p><p>$8.08 ($0.50 / Ounce)</p><a href="https://www.amazon.com/dp/B01MU394JM?tag=eloabder-20&linkCode=osi&th=1&psc=1">View Product</a></div>
<div class="product"><a href="https://www.amazon.com/dp/B09SV8J649?tag=eloabder-20&linkCode=osi&th=1&psc=1"><img src="https://m.media-amazon.com/images/I/51G3IdGm9mL._SL500_.jpg" alt="Product Image"></a><p>Miracle-Gro Women's Nitrile Coated Grip Floral Pattern Gardening Work Gloves, Extreme Comfort, Excellent Grip, Water Resistant, Pink/Purple, Small, (MG37126/WSM)</p><p>$5.99</p><a href="https://www.amazon.com/dp/B09SV8J649?tag=eloabder-20&linkCode=osi&th=1&psc=1">View Product</a></div><div class="product"><a href="https://www.amazon.com/dp/B0BHZXPXW9?tag=eloabder-20&linkCode=osi&th=1&psc=1"><img src="https://m.media-amazon.com/images/I/51gioz5VnSL._SL500_.jpg" alt="Product Image"></a><p>MSUPSAV Gardening Gloves for Gardening,Synthetic Leather Garden Gloves,Work Gloves with Touch Screen,Best Gifts for Women,Green, Medium</p><p>$11.99</p><a href="https://www.amazon.com/dp/B0BHZXPXW9?tag=eloabder-20&linkCode=osi&th=1&psc=1">View Product</a></div><div class="product"><a href="https://www.amazon.com/dp/B0B5RFV1BK?tag=eloabder-20&linkCode=osi&th=1&psc=1"><img src="https://m.media-amazon.com/images/I/51bX+IeFx+L._SL500_.jpg" alt="Product Image"></a><p>MSUPSAV Genuine Leather Gardening Gloves,Thornproof & Puncture Resistant Garden Gloves,Gardening Gloves for Women,Long Garden Gloves,Rose Gloves,Garden Gifts(Small, Tuilp)</p><p>$15.99</p><a href="https://www.amazon.com/dp/B0B5RFV1BK?tag=eloabder-20&linkCode=osi&th=1&psc=1">View Product</a></div>
<div class="product"><a href="https://www.amazon.com/dp/B0D149L1VC?tag=eloabder-20&linkCode=osi&th=1&psc=1"><img src="https://m.media-amazon.com/images/I/41RVIeji+QL._SL500_.jpg" alt="Product Image"></a><p>HLDD HANDLANDY Gardening Gloves Long Sleeve for Women and Men Leather Garden Gloves for Yard & Outdoor Work, Golden Yellow, XL</p><p>$15.98</p><a href="https://www.amazon.com/dp/B0D149L1VC?tag=eloabder-20&linkCode=osi&th=1&psc=1">View Product</a></div>











































<div class="product"><a href="https://www.amazon.com/dp/B0BZBTV7FM?tag=eloabder-20&linkCode=osi&th=1&psc=1"><img src="https://m.media-amazon.com/images/I/41rGR7+6sHL._SL500_.jpg" alt="Product Image"></a><p>Fly Fans for Tables, Fly Fan Indoor Outdoor with Holographic Blades, Batteries Powered Fly Fans Outdoor for Picnic, Party, Restaurant, Kitchen, and BBQ, 4 Pack</p><p>$29.99 ($7.50 / Count)</p><a href="https://www.amazon.com/dp/B0BZBTV7FM?tag=eloabder-20&linkCode=osi&th=1&psc=1">View Product</a></div>
<div class="product"><a href="https://www.amazon.com/dp/B01N6706BP?tag=eloabder-20&linkCode=osi&th=1&psc=1"><img src="https://m.media-amazon.com/images/I/51RI47QQRVL._SL500_.jpg" alt="Product Image"></a><p>Gardzen 3-Pack 72 Gallons Garden Bag - Reuseable Heavy Duty Gardening Bags, Lawn Pool Garden Leaf Waste Bag</p><p>$22.99 ($7.66 / Count)</p><a href="https://www.amazon.com/dp/B01N6706BP?tag=eloabder-20&linkCode=osi&th=1&psc=1">View Product</a></div><div class="product"><a href="https://www.amazon.com/dp/B07BR52P26?tag=eloabder-20&linkCode=osi&th=1&psc=1"><img src="https://m.media-amazon.com/images/I/41TsWY51fbL._SL500_.jpg" alt="Product Image"></a><p>SONKIR Soil pH Meter, MS02 3-in-1 Soil Moisture/Light/pH Tester Gardening Tool Kits for Plant Care, Great for Garden, Lawn, Farm, Indoor & Outdoor Use (Green)</p><p>$9.99</p><a href="https://www.amazon.com/dp/B07BR52P26?tag=eloabder-20&linkCode=osi&th=1&psc=1">View Product</a></div>
<div class="product"><a href="https://www.amazon.com/dp/B09S7YL4QV?tag=eloabder-20&linkCode=osi&th=1&psc=1"><img src="https://m.media-amazon.com/images/I/51eFJ8Uv1xL._SL500_.jpg" alt="Product Image"></a><p>Burpee SuperSeed Seed Starting Tray | 36 Cell Reusable Seed Starter Tray | for Starting Vegetable, Flower & Herb Seeds | Indoor Grow Kit for Plant Seedlings | for Germination Success</p><p>$11.97</p><a href="https://www.amazon.com/dp/B09S7YL4QV?tag=eloabder-20&linkCode=osi&th=1&psc=1">View Product</a></div><div class="product"><a href="https://www.amazon.com/dp/B01MU394JM?tag=eloabder-20&linkCode=osi&th=1&psc=1"><img src="https://m.media-amazon.com/images/I/517TE2AFBZL._SL500_.jpg" alt="Product Image"></a><p>Miracle-Gro Shake 'N Feed Tomato, Fruit & Vegetable Plant Food, 1 lb.</p><p>$8.08 ($0.50 / Ounce)</p><a href="https://www.amazon.com/dp/B01MU394JM?tag=eloabder-20&linkCode=osi&th=1&psc=1">View Product</a></div>
<div class="product"><a href="https://www.amazon.com/dp/B09SV8J649?tag=eloabder-20&linkCode=osi&th=1&psc=1"><img src="https://m.media-amazon.com/images/I/51G3IdGm9mL._SL500_.jpg" alt="Product Image"></a><p>Miracle-Gro Women's Nitrile Coated Grip Floral Pattern Gardening Work Gloves, Extreme Comfort, Excellent Grip, Water Resistant, Pink/Purple, Small, (MG37126/WSM)</p><p>$5.99</p><a href="https://www.amazon.com/dp/B09SV8J649?tag=eloabder-20&linkCode=osi&th=1&psc=1">View Product</a></div><div class="product"><a href="https://www.amazon.com/dp/B0BHZXPXW9?tag=eloabder-20&linkCode=osi&th=1&psc=1"><img src="https://m.media-amazon.com/images/I/51gioz5VnSL._SL500_.jpg" alt="Product Image"></a><p>MSUPSAV Gardening Gloves for Gardening,Synthetic Leather Garden Gloves,Work Gloves with Touch Screen,Best Gifts for Women,Green, Medium</p><p>$11.99</p><a href="https://www.amazon.com/dp/B0BHZXPXW9?tag=eloabder-20&linkCode=osi&th=1&psc=1">View Product</a></div><div class="product"><a href="https://www.amazon.com/dp/B0B5RFV1BK?tag=eloabder-20&linkCode=osi&th=1&psc=1"><img src="https://m.media-amazon.com/images/I/51bX+IeFx+L._SL500_.jpg" alt="Product Image"></a><p>MSUPSAV Genuine Leather Gardening Gloves,Thornproof & Puncture Resistant Garden Gloves,Gardening Gloves for Women,Long Garden Gloves,Rose Gloves,Garden Gifts(Small, Tuilp)</p><p>$15.99</p><a href="https://www.amazon.com/dp/B0B5RFV1BK?tag=eloabder-20&linkCode=osi&th=1&psc=1">View Product</a></div>
<div class="product"><a href="https://www.amazon.com/dp/B0D149L1VC?tag=eloabder-20&linkCode=osi&th=1&psc=1"><img src="https://m.media-amazon.com/images/I/41RVIeji+QL._SL500_.jpg" alt="Product Image"></a><p>HLDD HANDLANDY Gardening Gloves Long Sleeve for Women and Men Leather Garden Gloves for Yard & Outdoor Work, Golden Yellow, XL</p><p>$15.98</p><a href="https://www.amazon.com/dp/B0D149L1VC?tag=eloabder-20&linkCode=osi&th=1&psc=1">View Product</a></div>












































<div class="product"><a href="https://www.amazon.com/dp/B0BZBTV7FM?tag=eloabder-20&linkCode=osi&th=1&psc=1"><img src="https://m.media-amazon.com/images/I/41rGR7+6sHL._SL500_.jpg" alt="Product Image"></a><p>Fly Fans for Tables, Fly Fan Indoor Outdoor with Holographic Blades, Batteries Powered Fly Fans Outdoor for Picnic, Party, Restaurant, Kitchen, and BBQ, 4 Pack</p><p>$29.99 ($7.50 / Count)</p><a href="https://www.amazon.com/dp/B0BZBTV7FM?tag=eloabder-20&linkCode=osi&th=1&psc=1">View Product</a></div>
<div class="product"><a href="https://www.amazon.com/dp/B01N6706BP?tag=eloabder-20&linkCode=osi&th=1&psc=1"><img src="https://m.media-amazon.com/images/I/51RI47QQRVL._SL500_.jpg" alt="Product Image"></a><p>Gardzen 3-Pack 72 Gallons Garden Bag - Reuseable Heavy Duty Gardening Bags, Lawn Pool Garden Leaf Waste Bag</p><p>$22.99 ($7.66 / Count)</p><a href="https://www.amazon.com/dp/B01N6706BP?tag=eloabder-20&linkCode=osi&th=1&psc=1">View Product</a></div><div class="product"><a href="https://www.amazon.com/dp/B07BR52P26?tag=eloabder-20&linkCode=osi&th=1&psc=1"><img src="https://m.media-amazon.com/images/I/41TsWY51fbL._SL500_.jpg" alt="Product Image"></a><p>SONKIR Soil pH Meter, MS02 3-in-1 Soil Moisture/Light/pH Tester Gardening Tool Kits for Plant Care, Great for Garden, Lawn, Farm, Indoor & Outdoor Use (Green)</p><p>$9.99</p><a href="https://www.amazon.com/dp/B07BR52P26?tag=eloabder-20&linkCode=osi&th=1&psc=1">View Product</a></div>
<div class="product"><a href="https://www.amazon.com/dp/B09S7YL4QV?tag=eloabder-20&linkCode=osi&th=1&psc=1"><img src="https://m.media-amazon.com/images/I/51eFJ8Uv1xL._SL500_.jpg" alt="Product Image"></a><p>Burpee SuperSeed Seed Starting Tray | 36 Cell Reusable Seed Starter Tray | for Starting Vegetable, Flower & Herb Seeds | Indoor Grow Kit for Plant Seedlings | for Germination Success</p><p>$11.97</p><a href="https://www.amazon.com/dp/B09S7YL4QV?tag=eloabder-20&linkCode=osi&th=1&psc=1">View Product</a></div><div class="product"><a href="https://www.amazon.com/dp/B01MU394JM?tag=eloabder-20&linkCode=osi&th=1&psc=1"><img src="https://m.media-amazon.com/images/I/517TE2AFBZL._SL500_.jpg" alt="Product Image"></a><p>Miracle-Gro Shake 'N Feed Tomato, Fruit & Vegetable Plant Food, 1 lb.</p><p>$8.08 ($0.50 / Ounce)</p><a href="https://www.amazon.com/dp/B01MU394JM?tag=eloabder-20&linkCode=osi&th=1&psc=1">View Product</a></div>
<div class="product"><a href="https://www.amazon.com/dp/B09SV8J649?tag=eloabder-20&linkCode=osi&th=1&psc=1"><img src="https://m.media-amazon.com/images/I/51G3IdGm9mL._SL500_.jpg" alt="Product Image"></a><p>Miracle-Gro Women's Nitrile Coated Grip Floral Pattern Gardening Work Gloves, Extreme Comfort, Excellent Grip, Water Resistant, Pink/Purple, Small, (MG37126/WSM)</p><p>$5.99</p><a href="https://www.amazon.com/dp/B09SV8J649?tag=eloabder-20&linkCode=osi&th=1&psc=1">View Product</a></div><div class="product"><a href="https://www.amazon.com/dp/B0BHZXPXW9?tag=eloabder-20&linkCode=osi&th=1&psc=1"><img src="https://m.media-amazon.com/images/I/51gioz5VnSL._SL500_.jpg" alt="Product Image"></a><p>MSUPSAV Gardening Gloves for Gardening,Synthetic Leather Garden Gloves,Work Gloves with Touch Screen,Best Gifts for Women,Green, Medium</p><p>$11.99</p><a href="https://www.amazon.com/dp/B0BHZXPXW9?tag=eloabder-20&linkCode=osi&th=1&psc=1">View Product</a></div><div class="product"><a href="https://www.amazon.com/dp/B0B5RFV1BK?tag=eloabder-20&linkCode=osi&th=1&psc=1"><img src="https://m.media-amazon.com/images/I/51bX+IeFx+L._SL500_.jpg" alt="Product Image"></a><p>MSUPSAV Genuine Leather Gardening Gloves,Thornproof & Puncture Resistant Garden Gloves,Gardening Gloves for Women,Long Garden Gloves,Rose Gloves,Garden Gifts(Small, Tuilp)</p><p>$15.99</p><a href="https://www.amazon.com/dp/B0B5RFV1BK?tag=eloabder-20&linkCode=osi&th=1&psc=1">View Product</a></div>
<div class="product"><a href="https://www.amazon.com/dp/B0D149L1VC?tag=eloabder-20&linkCode=osi&th=1&psc=1"><img src="https://m.media-amazon.com/images/I/41RVIeji+QL._SL500_.jpg" alt="Product Image"></a><p>HLDD HANDLANDY Gardening Gloves Long Sleeve for Women and Men Leather Garden Gloves for Yard & Outdoor Work, Golden Yellow, XL</p><p>$15.98</p><a href="https://www.amazon.com/dp/B0D149L1VC?tag=eloabder-20&linkCode=osi&th=1&psc=1">View Product</a></div>













































<div class="product"><a href="https://www.amazon.com/dp/B0BZBTV7FM?tag=eloabder-20&linkCode=osi&th=1&psc=1"><img src="https://m.media-amazon.com/images/I/41rGR7+6sHL._SL500_.jpg" alt="Product Image"></a><p>Fly Fans for Tables, Fly Fan Indoor Outdoor with Holographic Blades, Batteries Powered Fly Fans Outdoor for Picnic, Party, Restaurant, Kitchen, and BBQ, 4 Pack</p><p>$29.99 ($7.50 / Count)</p><a href="https://www.amazon.com/dp/B0BZBTV7FM?tag=eloabder-20&linkCode=osi&th=1&psc=1">View Product</a></div>
<div class="product"><a href="https://www.amazon.com/dp/B01N6706BP?tag=eloabder-20&linkCode=osi&th=1&psc=1"><img src="https://m.media-amazon.com/images/I/51RI47QQRVL._SL500_.jpg" alt="Product Image"></a><p>Gardzen 3-Pack 72 Gallons Garden Bag - Reuseable Heavy Duty Gardening Bags, Lawn Pool Garden Leaf Waste Bag</p><p>$22.99 ($7.66 / Count)</p><a href="https://www.amazon.com/dp/B01N6706BP?tag=eloabder-20&linkCode=osi&th=1&psc=1">View Product</a></div><div class="product"><a href="https://www.amazon.com/dp/B07BR52P26?tag=eloabder-20&linkCode=osi&th=1&psc=1"><img src="https://m.media-amazon.com/images/I/41TsWY51fbL._SL500_.jpg" alt="Product Image"></a><p>SONKIR Soil pH Meter, MS02 3-in-1 Soil Moisture/Light/pH Tester Gardening Tool Kits for Plant Care, Great for Garden, Lawn, Farm, Indoor & Outdoor Use (Green)</p><p>$9.99</p><a href="https://www.amazon.com/dp/B07BR52P26?tag=eloabder-20&linkCode=osi&th=1&psc=1">View Product</a></div>
<div class="product"><a href="https://www.amazon.com/dp/B09S7YL4QV?tag=eloabder-20&linkCode=osi&th=1&psc=1"><img src="https://m.media-amazon.com/images/I/51eFJ8Uv1xL._SL500_.jpg" alt="Product Image"></a><p>Burpee SuperSeed Seed Starting Tray | 36 Cell Reusable Seed Starter Tray | for Starting Vegetable, Flower & Herb Seeds | Indoor Grow Kit for Plant Seedlings | for Germination Success</p><p>$11.97</p><a href="https://www.amazon.com/dp/B09S7YL4QV?tag=eloabder-20&linkCode=osi&th=1&psc=1">View Product</a></div><div class="product"><a href="https://www.amazon.com/dp/B01MU394JM?tag=eloabder-20&linkCode=osi&th=1&psc=1"><img src="https://m.media-amazon.com/images/I/517TE2AFBZL._SL500_.jpg" alt="Product Image"></a><p>Miracle-Gro Shake 'N Feed Tomato, Fruit & Vegetable Plant Food, 1 lb.</p><p>$8.08 ($0.50 / Ounce)</p><a href="https://www.amazon.com/dp/B01MU394JM?tag=eloabder-20&linkCode=osi&th=1&psc=1">View Product</a></div>
<div class="product"><a href="https://www.amazon.com/dp/B09SV8J649?tag=eloabder-20&linkCode=osi&th=1&psc=1"><img src="https://m.media-amazon.com/images/I/51G3IdGm9mL._SL500_.jpg" alt="Product Image"></a><p>Miracle-Gro Women's Nitrile Coated Grip Floral Pattern Gardening Work Gloves, Extreme Comfort, Excellent Grip, Water Resistant, Pink/Purple, Small, (MG37126/WSM)</p><p>$5.99</p><a href="https://www.amazon.com/dp/B09SV8J649?tag=eloabder-20&linkCode=osi&th=1&psc=1">View Product</a></div><div class="product"><a href="https://www.amazon.com/dp/B0BHZXPXW9?tag=eloabder-20&linkCode=osi&th=1&psc=1"><img src="https://m.media-amazon.com/images/I/51gioz5VnSL._SL500_.jpg" alt="Product Image"></a><p>MSUPSAV Gardening Gloves for Gardening,Synthetic Leather Garden Gloves,Work Gloves with Touch Screen,Best Gifts for Women,Green, Medium</p><p>$11.99</p><a href="https://www.amazon.com/dp/B0BHZXPXW9?tag=eloabder-20&linkCode=osi&th=1&psc=1">View Product</a></div><div class="product"><a href="https://www.amazon.com/dp/B0B5RFV1BK?tag=eloabder-20&linkCode=osi&th=1&psc=1"><img src="https://m.media-amazon.com/images/I/51bX+IeFx+L._SL500_.jpg" alt="Product Image"></a><p>MSUPSAV Genuine Leather Gardening Gloves,Thornproof & Puncture Resistant Garden Gloves,Gardening Gloves for Women,Long Garden Gloves,Rose Gloves,Garden Gifts(Small, Tuilp)</p><p>$15.99</p><a href="https://www.amazon.com/dp/B0B5RFV1BK?tag=eloabder-20&linkCode=osi&th=1&psc=1">View Product</a></div>
<div class="product"><a href="https://www.amazon.com/dp/B0D149L1VC?tag=eloabder-20&linkCode=osi&th=1&psc=1"><img src="https://m.media-amazon.com/images/I/41RVIeji+QL._SL500_.jpg" alt="Product Image"></a><p>HLDD HANDLANDY Gardening Gloves Long Sleeve for Women and Men Leather Garden Gloves for Yard & Outdoor Work, Golden Yellow, XL</p><p>$15.98</p><a href="https://www.amazon.com/dp/B0D149L1VC?tag=eloabder-20&linkCode=osi&th=1&psc=1">View Product</a></div>














































<div class="product"><a href="https://www.amazon.com/dp/B0BZBTV7FM?tag=eloabder-20&linkCode=osi&th=1&psc=1"><img src="https://m.media-amazon.com/images/I/41rGR7+6sHL._SL500_.jpg" alt="Product Image"></a><p>Fly Fans for Tables, Fly Fan Indoor Outdoor with Holographic Blades, Batteries Powered Fly Fans Outdoor for Picnic, Party, Restaurant, Kitchen, and BBQ, 4 Pack</p><p>$29.99 ($7.50 / Count)</p><a href="https://www.amazon.com/dp/B0BZBTV7FM?tag=eloabder-20&linkCode=osi&th=1&psc=1">View Product</a></div>
<div class="product"><a href="https://www.amazon.com/dp/B01N6706BP?tag=eloabder-20&linkCode=osi&th=1&psc=1"><img src="https://m.media-amazon.com/images/I/51RI47QQRVL._SL500_.jpg" alt="Product Image"></a><p>Gardzen 3-Pack 72 Gallons Garden Bag - Reuseable Heavy Duty Gardening Bags, Lawn Pool Garden Leaf Waste Bag</p><p>$22.99 ($7.66 / Count)</p><a href="https://www.amazon.com/dp/B01N6706BP?tag=eloabder-20&linkCode=osi&th=1&psc=1">View Product</a></div><div class="product"><a href="https://www.amazon.com/dp/B07BR52P26?tag=eloabder-20&linkCode=osi&th=1&psc=1"><img src="https://m.media-amazon.com/images/I/41TsWY51fbL._SL500_.jpg" alt="Product Image"></a><p>SONKIR Soil pH Meter, MS02 3-in-1 Soil Moisture/Light/pH Tester Gardening Tool Kits for Plant Care, Great for Garden, Lawn, Farm, Indoor & Outdoor Use (Green)</p><p>$9.99</p><a href="https://www.amazon.com/dp/B07BR52P26?tag=eloabder-20&linkCode=osi&th=1&psc=1">View Product</a></div>
<div class="product"><a href="https://www.amazon.com/dp/B09S7YL4QV?tag=eloabder-20&linkCode=osi&th=1&psc=1"><img src="https://m.media-amazon.com/images/I/51eFJ8Uv1xL._SL500_.jpg" alt="Product Image"></a><p>Burpee SuperSeed Seed Starting Tray | 36 Cell Reusable Seed Starter Tray | for Starting Vegetable, Flower & Herb Seeds | Indoor Grow Kit for Plant Seedlings | for Germination Success</p><p>$11.97</p><a href="https://www.amazon.com/dp/B09S7YL4QV?tag=eloabder-20&linkCode=osi&th=1&psc=1">View Product</a></div><div class="product"><a href="https://www.amazon.com/dp/B01MU394JM?tag=eloabder-20&linkCode=osi&th=1&psc=1"><img src="https://m.media-amazon.com/images/I/517TE2AFBZL._SL500_.jpg" alt="Product Image"></a><p>Miracle-Gro Shake 'N Feed Tomato, Fruit & Vegetable Plant Food, 1 lb.</p><p>$8.08 ($0.50 / Ounce)</p><a href="https://www.amazon.com/dp/B01MU394JM?tag=eloabder-20&linkCode=osi&th=1&psc=1">View Product</a></div>
<div class="product"><a href="https://www.amazon.com/dp/B09SV8J649?tag=eloabder-20&linkCode=osi&th=1&psc=1"><img src="https://m.media-amazon.com/images/I/51G3IdGm9mL._SL500_.jpg" alt="Product Image"></a><p>Miracle-Gro Women's Nitrile Coated Grip Floral Pattern Gardening Work Gloves, Extreme Comfort, Excellent Grip, Water Resistant, Pink/Purple, Small, (MG37126/WSM)</p><p>$5.99</p><a href="https://www.amazon.com/dp/B09SV8J649?tag=eloabder-20&linkCode=osi&th=1&psc=1">View Product</a></div><div class="product"><a href="https://www.amazon.com/dp/B0BHZXPXW9?tag=eloabder-20&linkCode=osi&th=1&psc=1"><img src="https://m.media-amazon.com/images/I/51gioz5VnSL._SL500_.jpg" alt="Product Image"></a><p>MSUPSAV Gardening Gloves for Gardening,Synthetic Leather Garden Gloves,Work Gloves with Touch Screen,Best Gifts for Women,Green, Medium</p><p>$11.99</p><a href="https://www.amazon.com/dp/B0BHZXPXW9?tag=eloabder-20&linkCode=osi&th=1&psc=1">View Product</a></div><div class="product"><a href="https://www.amazon.com/dp/B0B5RFV1BK?tag=eloabder-20&linkCode=osi&th=1&psc=1"><img src="https://m.media-amazon.com/images/I/51bX+IeFx+L._SL500_.jpg" alt="Product Image"></a><p>MSUPSAV Genuine Leather Gardening Gloves,Thornproof & Puncture Resistant Garden Gloves,Gardening Gloves for Women,Long Garden Gloves,Rose Gloves,Garden Gifts(Small, Tuilp)</p><p>$15.99</p><a href="https://www.amazon.com/dp/B0B5RFV1BK?tag=eloabder-20&linkCode=osi&th=1&psc=1">View Product</a></div>
<div class="product"><a href="https://www.amazon.com/dp/B0D149L1VC?tag=eloabder-20&linkCode=osi&th=1&psc=1"><img src="https://m.media-amazon.com/images/I/41RVIeji+QL._SL500_.jpg" alt="Product Image"></a><p>HLDD HANDLANDY Gardening Gloves Long Sleeve for Women and Men Leather Garden Gloves for Yard & Outdoor Work, Golden Yellow, XL</p><p>$15.98</p><a href="https://www.amazon.com/dp/B0D149L1VC?tag=eloabder-20&linkCode=osi&th=1&psc=1">View Product</a></div>















































<div class="product"><a href="https://www.amazon.com/dp/B0BZBTV7FM?tag=eloabder-20&linkCode=osi&th=1&psc=1"><img src="https://m.media-amazon.com/images/I/41rGR7+6sHL._SL500_.jpg" alt="Product Image"></a><p>Fly Fans for Tables, Fly Fan Indoor Outdoor with Holographic Blades, Batteries Powered Fly Fans Outdoor for Picnic, Party, Restaurant, Kitchen, and BBQ, 4 Pack</p><p>$29.99 ($7.50 / Count)</p><a href="https://www.amazon.com/dp/B0BZBTV7FM?tag=eloabder-20&linkCode=osi&th=1&psc=1">View Product</a></div>
<div class="product"><a href="https://www.amazon.com/dp/B01N6706BP?tag=eloabder-20&linkCode=osi&th=1&psc=1"><img src="https://m.media-amazon.com/images/I/51RI47QQRVL._SL500_.jpg" alt="Product Image"></a><p>Gardzen 3-Pack 72 Gallons Garden Bag - Reuseable Heavy Duty Gardening Bags, Lawn Pool Garden Leaf Waste Bag</p><p>$22.99 ($7.66 / Count)</p><a href="https://www.amazon.com/dp/B01N6706BP?tag=eloabder-20&linkCode=osi&th=1&psc=1">View Product</a></div><div class="product"><a href="https://www.amazon.com/dp/B07BR52P26?tag=eloabder-20&linkCode=osi&th=1&psc=1"><img src="https://m.media-amazon.com/images/I/41TsWY51fbL._SL500_.jpg" alt="Product Image"></a><p>SONKIR Soil pH Meter, MS02 3-in-1 Soil Moisture/Light/pH Tester Gardening Tool Kits for Plant Care, Great for Garden, Lawn, Farm, Indoor & Outdoor Use (Green)</p><p>$9.99</p><a href="https://www.amazon.com/dp/B07BR52P26?tag=eloabder-20&linkCode=osi&th=1&psc=1">View Product</a></div>
<div class="product"><a href="https://www.amazon.com/dp/B09S7YL4QV?tag=eloabder-20&linkCode=osi&th=1&psc=1"><img src="https://m.media-amazon.com/images/I/51eFJ8Uv1xL._SL500_.jpg" alt="Product Image"></a><p>Burpee SuperSeed Seed Starting Tray | 36 Cell Reusable Seed Starter Tray | for Starting Vegetable, Flower & Herb Seeds | Indoor Grow Kit for Plant Seedlings | for Germination Success</p><p>$11.97</p><a href="https://www.amazon.com/dp/B09S7YL4QV?tag=eloabder-20&linkCode=osi&th=1&psc=1">View Product</a></div><div class="product"><a href="https://www.amazon.com/dp/B01MU394JM?tag=eloabder-20&linkCode=osi&th=1&psc=1"><img src="https://m.media-amazon.com/images/I/517TE2AFBZL._SL500_.jpg" alt="Product Image"></a><p>Miracle-Gro Shake 'N Feed Tomato, Fruit & Vegetable Plant Food, 1 lb.</p><p>$8.08 ($0.50 / Ounce)</p><a href="https://www.amazon.com/dp/B01MU394JM?tag=eloabder-20&linkCode=osi&th=1&psc=1">View Product</a></div>
<div class="product"><a href="https://www.amazon.com/dp/B09SV8J649?tag=eloabder-20&linkCode=osi&th=1&psc=1"><img src="https://m.media-amazon.com/images/I/51G3IdGm9mL._SL500_.jpg" alt="Product Image"></a><p>Miracle-Gro Women's Nitrile Coated Grip Floral Pattern Gardening Work Gloves, Extreme Comfort, Excellent Grip, Water Resistant, Pink/Purple, Small, (MG37126/WSM)</p><p>$5.99</p><a href="https://www.amazon.com/dp/B09SV8J649?tag=eloabder-20&linkCode=osi&th=1&psc=1">View Product</a></div><div class="product"><a href="https://www.amazon.com/dp/B0BHZXPXW9?tag=eloabder-20&linkCode=osi&th=1&psc=1"><img src="https://m.media-amazon.com/images/I/51gioz5VnSL._SL500_.jpg" alt="Product Image"></a><p>MSUPSAV Gardening Gloves for Gardening,Synthetic Leather Garden Gloves,Work Gloves with Touch Screen,Best Gifts for Women,Green, Medium</p><p>$11.99</p><a href="https://www.amazon.com/dp/B0BHZXPXW9?tag=eloabder-20&linkCode=osi&th=1&psc=1">View Product</a></div><div class="product"><a href="https://www.amazon.com/dp/B0B5RFV1BK?tag=eloabder-20&linkCode=osi&th=1&psc=1"><img src="https://m.media-amazon.com/images/I/51bX+IeFx+L._SL500_.jpg" alt="Product Image"></a><p>MSUPSAV Genuine Leather Gardening Gloves,Thornproof & Puncture Resistant Garden Gloves,Gardening Gloves for Women,Long Garden Gloves,Rose Gloves,Garden Gifts(Small, Tuilp)</p><p>$15.99</p><a href="https://www.amazon.com/dp/B0B5RFV1BK?tag=eloabder-20&linkCode=osi&th=1&psc=1">View Product</a></div>
<div class="product"><a href="https://www.amazon.com/dp/B0D149L1VC?tag=eloabder-20&linkCode=osi&th=1&psc=1"><img src="https://m.media-amazon.com/images/I/41RVIeji+QL._SL500_.jpg" alt="Product Image"></a><p>HLDD HANDLANDY Gardening Gloves Long Sleeve for Women and Men Leather Garden Gloves for Yard & Outdoor Work, Golden Yellow, XL</p><p>$15.98</p><a href="https://www.amazon.com/dp/B0D149L1VC?tag=eloabder-20&linkCode=osi&th=1&psc=1">View Product</a></div>
















































<div class="product"><a href="https://www.amazon.com/dp/B0BZBTV7FM?tag=eloabder-20&linkCode=osi&th=1&psc=1"><img src="https://m.media-amazon.com/images/I/41rGR7+6sHL._SL500_.jpg" alt="Product Image"></a><p>Fly Fans for Tables, Fly Fan Indoor Outdoor with Holographic Blades, Batteries Powered Fly Fans Outdoor for Picnic, Party, Restaurant, Kitchen, and BBQ, 4 Pack</p><p>$29.99 ($7.50 / Count)</p><a href="https://www.amazon.com/dp/B0BZBTV7FM?tag=eloabder-20&linkCode=osi&th=1&psc=1">View Product</a></div>
<div class="product"><a href="https://www.amazon.com/dp/B01N6706BP?tag=eloabder-20&linkCode=osi&th=1&psc=1"><img src="https://m.media-amazon.com/images/I/51RI47QQRVL._SL500_.jpg" alt="Product Image"></a><p>Gardzen 3-Pack 72 Gallons Garden Bag - Reuseable Heavy Duty Gardening Bags, Lawn Pool Garden Leaf Waste Bag</p><p>$22.99 ($7.66 / Count)</p><a href="https://www.amazon.com/dp/B01N6706BP?tag=eloabder-20&linkCode=osi&th=1&psc=1">View Product</a></div><div class="product"><a href="https://www.amazon.com/dp/B07BR52P26?tag=eloabder-20&linkCode=osi&th=1&psc=1"><img src="https://m.media-amazon.com/images/I/41TsWY51fbL._SL500_.jpg" alt="Product Image"></a><p>SONKIR Soil pH Meter, MS02 3-in-1 Soil Moisture/Light/pH Tester Gardening Tool Kits for Plant Care, Great for Garden, Lawn, Farm, Indoor & Outdoor Use (Green)</p><p>$9.99</p><a href="https://www.amazon.com/dp/B07BR52P26?tag=eloabder-20&linkCode=osi&th=1&psc=1">View Product</a></div>
<div class="product"><a href="https://www.amazon.com/dp/B09S7YL4QV?tag=eloabder-20&linkCode=osi&th=1&psc=1"><img src="https://m.media-amazon.com/images/I/51eFJ8Uv1xL._SL500_.jpg" alt="Product Image"></a><p>Burpee SuperSeed Seed Starting Tray | 36 Cell Reusable Seed Starter Tray | for Starting Vegetable, Flower & Herb Seeds | Indoor Grow Kit for Plant Seedlings | for Germination Success</p><p>$11.97</p><a href="https://www.amazon.com/dp/B09S7YL4QV?tag=eloabder-20&linkCode=osi&th=1&psc=1">View Product</a></div><div class="product"><a href="https://www.amazon.com/dp/B01MU394JM?tag=eloabder-20&linkCode=osi&th=1&psc=1"><img src="https://m.media-amazon.com/images/I/517TE2AFBZL._SL500_.jpg" alt="Product Image"></a><p>Miracle-Gro Shake 'N Feed Tomato, Fruit & Vegetable Plant Food, 1 lb.</p><p>$8.08 ($0.50 / Ounce)</p><a href="https://www.amazon.com/dp/B01MU394JM?tag=eloabder-20&linkCode=osi&th=1&psc=1">View Product</a></div>
<div class="product"><a href="https://www.amazon.com/dp/B09SV8J649?tag=eloabder-20&linkCode=osi&th=1&psc=1"><img src="https://m.media-amazon.com/images/I/51G3IdGm9mL._SL500_.jpg" alt="Product Image"></a><p>Miracle-Gro Women's Nitrile Coated Grip Floral Pattern Gardening Work Gloves, Extreme Comfort, Excellent Grip, Water Resistant, Pink/Purple, Small, (MG37126/WSM)</p><p>$5.99</p><a href="https://www.amazon.com/dp/B09SV8J649?tag=eloabder-20&linkCode=osi&th=1&psc=1">View Product</a></div><div class="product"><a href="https://www.amazon.com/dp/B0BHZXPXW9?tag=eloabder-20&linkCode=osi&th=1&psc=1"><img src="https://m.media-amazon.com/images/I/51gioz5VnSL._SL500_.jpg" alt="Product Image"></a><p>MSUPSAV Gardening Gloves for Gardening,Synthetic Leather Garden Gloves,Work Gloves with Touch Screen,Best Gifts for Women,Green, Medium</p><p>$11.99</p><a href="https://www.amazon.com/dp/B0BHZXPXW9?tag=eloabder-20&linkCode=osi&th=1&psc=1">View Product</a></div><div class="product"><a href="https://www.amazon.com/dp/B0B5RFV1BK?tag=eloabder-20&linkCode=osi&th=1&psc=1"><img src="https://m.media-amazon.com/images/I/51bX+IeFx+L._SL500_.jpg" alt="Product Image"></a><p>MSUPSAV Genuine Leather Gardening Gloves,Thornproof & Puncture Resistant Garden Gloves,Gardening Gloves for Women,Long Garden Gloves,Rose Gloves,Garden Gifts(Small, Tuilp)</p><p>$15.99</p><a href="https://www.amazon.com/dp/B0B5RFV1BK?tag=eloabder-20&linkCode=osi&th=1&psc=1">View Product</a></div>
<div class="product"><a href="https://www.amazon.com/dp/B0D149L1VC?tag=eloabder-20&linkCode=osi&th=1&psc=1"><img src="https://m.media-amazon.com/images/I/41RVIeji+QL._SL500_.jpg" alt="Product Image"></a><p>HLDD HANDLANDY Gardening Gloves Long Sleeve for Women and Men Leather Garden Gloves for Yard & Outdoor Work, Golden Yellow, XL</p><p>$15.98</p><a href="https://www.amazon.com/dp/B0D149L1VC?tag=eloabder-20&linkCode=osi&th=1&psc=1">View Product</a></div>

















































<div class="product"><a href="https://www.amazon.com/dp/B0BZBTV7FM?tag=eloabder-20&linkCode=osi&th=1&psc=1"><img src="https://m.media-amazon.com/images/I/41rGR7+6sHL._SL500_.jpg" alt="Product Image"></a><p>Fly Fans for Tables, Fly Fan Indoor Outdoor with Holographic Blades, Batteries Powered Fly Fans Outdoor for Picnic, Party, Restaurant, Kitchen, and BBQ, 4 Pack</p><p>$29.99 ($7.50 / Count)</p><a href="https://www.amazon.com/dp/B0BZBTV7FM?tag=eloabder-20&linkCode=osi&th=1&psc=1">View Product</a></div>
<div class="product"><a href="https://www.amazon.com/dp/B01N6706BP?tag=eloabder-20&linkCode=osi&th=1&psc=1"><img src="https://m.media-amazon.com/images/I/51RI47QQRVL._SL500_.jpg" alt="Product Image"></a><p>Gardzen 3-Pack 72 Gallons Garden Bag - Reuseable Heavy Duty Gardening Bags, Lawn Pool Garden Leaf Waste Bag</p><p>$22.99 ($7.66 / Count)</p><a href="https://www.amazon.com/dp/B01N6706BP?tag=eloabder-20&linkCode=osi&th=1&psc=1">View Product</a></div><div class="product"><a href="https://www.amazon.com/dp/B07BR52P26?tag=eloabder-20&linkCode=osi&th=1&psc=1"><img src="https://m.media-amazon.com/images/I/41TsWY51fbL._SL500_.jpg" alt="Product Image"></a><p>SONKIR Soil pH Meter, MS02 3-in-1 Soil Moisture/Light/pH Tester Gardening Tool Kits for Plant Care, Great for Garden, Lawn, Farm, Indoor & Outdoor Use (Green)</p><p>$9.99</p><a href="https://www.amazon.com/dp/B07BR52P26?tag=eloabder-20&linkCode=osi&th=1&psc=1">View Product</a></div>
<div class="product"><a href="https://www.amazon.com/dp/B09S7YL4QV?tag=eloabder-20&linkCode=osi&th=1&psc=1"><img src="https://m.media-amazon.com/images/I/51eFJ8Uv1xL._SL500_.jpg" alt="Product Image"></a><p>Burpee SuperSeed Seed Starting Tray | 36 Cell Reusable Seed Starter Tray | for Starting Vegetable, Flower & Herb Seeds | Indoor Grow Kit for Plant Seedlings | for Germination Success</p><p>$11.97</p><a href="https://www.amazon.com/dp/B09S7YL4QV?tag=eloabder-20&linkCode=osi&th=1&psc=1">View Product</a></div><div class="product"><a href="https://www.amazon.com/dp/B01MU394JM?tag=eloabder-20&linkCode=osi&th=1&psc=1"><img src="https://m.media-amazon.com/images/I/517TE2AFBZL._SL500_.jpg" alt="Product Image"></a><p>Miracle-Gro Shake 'N Feed Tomato, Fruit & Vegetable Plant Food, 1 lb.</p><p>$8.08 ($0.50 / Ounce)</p><a href="https://www.amazon.com/dp/B01MU394JM?tag=eloabder-20&linkCode=osi&th=1&psc=1">View Product</a></div>
<div class="product"><a href="https://www.amazon.com/dp/B09SV8J649?tag=eloabder-20&linkCode=osi&th=1&psc=1"><img src="https://m.media-amazon.com/images/I/51G3IdGm9mL._SL500_.jpg" alt="Product Image"></a><p>Miracle-Gro Women's Nitrile Coated Grip Floral Pattern Gardening Work Gloves, Extreme Comfort, Excellent Grip, Water Resistant, Pink/Purple, Small, (MG37126/WSM)</p><p>$5.99</p><a href="https://www.amazon.com/dp/B09SV8J649?tag=eloabder-20&linkCode=osi&th=1&psc=1">View Product</a></div><div class="product"><a href="https://www.amazon.com/dp/B0BHZXPXW9?tag=eloabder-20&linkCode=osi&th=1&psc=1"><img src="https://m.media-amazon.com/images/I/51gioz5VnSL._SL500_.jpg" alt="Product Image"></a><p>MSUPSAV Gardening Gloves for Gardening,Synthetic Leather Garden Gloves,Work Gloves with Touch Screen,Best Gifts for Women,Green, Medium</p><p>$11.99</p><a href="https://www.amazon.com/dp/B0BHZXPXW9?tag=eloabder-20&linkCode=osi&th=1&psc=1">View Product</a></div><div class="product"><a href="https://www.amazon.com/dp/B0B5RFV1BK?tag=eloabder-20&linkCode=osi&th=1&psc=1"><img src="https://m.media-amazon.com/images/I/51bX+IeFx+L._SL500_.jpg" alt="Product Image"></a><p>MSUPSAV Genuine Leather Gardening Gloves,Thornproof & Puncture Resistant Garden Gloves,Gardening Gloves for Women,Long Garden Gloves,Rose Gloves,Garden Gifts(Small, Tuilp)</p><p>$15.99</p><a href="https://www.amazon.com/dp/B0B5RFV1BK?tag=eloabder-20&linkCode=osi&th=1&psc=1">View Product</a></div>
<div class="product"><a href="https://www.amazon.com/dp/B0D149L1VC?tag=eloabder-20&linkCode=osi&th=1&psc=1"><img src="https://m.media-amazon.com/images/I/41RVIeji+QL._SL500_.jpg" alt="Product Image"></a><p>HLDD HANDLANDY Gardening Gloves Long Sleeve for Women and Men Leather Garden Gloves for Yard & Outdoor Work, Golden Yellow, XL</p><p>$15.98</p><a href="https://www.amazon.com/dp/B0D149L1VC?tag=eloabder-20&linkCode=osi&th=1&psc=1">View Product</a></div>


















































<div class="product"><a href="https://www.amazon.com/dp/B0BZBTV7FM?tag=eloabder-20&linkCode=osi&th=1&psc=1"><img src="https://m.media-amazon.com/images/I/41rGR7+6sHL._SL500_.jpg" alt="Product Image"></a><p>Fly Fans for Tables, Fly Fan Indoor Outdoor with Holographic Blades, Batteries Powered Fly Fans Outdoor for Picnic, Party, Restaurant, Kitchen, and BBQ, 4 Pack</p><p>$29.99 ($7.50 / Count)</p><a href="https://www.amazon.com/dp/B0BZBTV7FM?tag=eloabder-20&linkCode=osi&th=1&psc=1">View Product</a></div>
<div class="product"><a href="https://www.amazon.com/dp/B01N6706BP?tag=eloabder-20&linkCode=osi&th=1&psc=1"><img src="https://m.media-amazon.com/images/I/51RI47QQRVL._SL500_.jpg" alt="Product Image"></a><p>Gardzen 3-Pack 72 Gallons Garden Bag - Reuseable Heavy Duty Gardening Bags, Lawn Pool Garden Leaf Waste Bag</p><p>$22.99 ($7.66 / Count)</p><a href="https://www.amazon.com/dp/B01N6706BP?tag=eloabder-20&linkCode=osi&th=1&psc=1">View Product</a></div><div class="product"><a href="https://www.amazon.com/dp/B07BR52P26?tag=eloabder-20&linkCode=osi&th=1&psc=1"><img src="https://m.media-amazon.com/images/I/41TsWY51fbL._SL500_.jpg" alt="Product Image"></a><p>SONKIR Soil pH Meter, MS02 3-in-1 Soil Moisture/Light/pH Tester Gardening Tool Kits for Plant Care, Great for Garden, Lawn, Farm, Indoor & Outdoor Use (Green)</p><p>$9.99</p><a href="https://www.amazon.com/dp/B07BR52P26?tag=eloabder-20&linkCode=osi&th=1&psc=1">View Product</a></div>
<div class="product"><a href="https://www.amazon.com/dp/B09S7YL4QV?tag=eloabder-20&linkCode=osi&th=1&psc=1"><img src="https://m.media-amazon.com/images/I/51eFJ8Uv1xL._SL500_.jpg" alt="Product Image"></a><p>Burpee SuperSeed Seed Starting Tray | 36 Cell Reusable Seed Starter Tray | for Starting Vegetable, Flower & Herb Seeds | Indoor Grow Kit for Plant Seedlings | for Germination Success</p><p>$11.97</p><a href="https://www.amazon.com/dp/B09S7YL4QV?tag=eloabder-20&linkCode=osi&th=1&psc=1">View Product</a></div><div class="product"><a href="https://www.amazon.com/dp/B01MU394JM?tag=eloabder-20&linkCode=osi&th=1&psc=1"><img src="https://m.media-amazon.com/images/I/517TE2AFBZL._SL500_.jpg" alt="Product Image"></a><p>Miracle-Gro Shake 'N Feed Tomato, Fruit & Vegetable Plant Food, 1 lb.</p><p>$8.08 ($0.50 / Ounce)</p><a href="https://www.amazon.com/dp/B01MU394JM?tag=eloabder-20&linkCode=osi&th=1&psc=1">View Product</a></div>
<div class="product"><a href="https://www.amazon.com/dp/B09SV8J649?tag=eloabder-20&linkCode=osi&th=1&psc=1"><img src="https://m.media-amazon.com/images/I/51G3IdGm9mL._SL500_.jpg" alt="Product Image"></a><p>Miracle-Gro Women's Nitrile Coated Grip Floral Pattern Gardening Work Gloves, Extreme Comfort, Excellent Grip, Water Resistant, Pink/Purple, Small, (MG37126/WSM)</p><p>$5.99</p><a href="https://www.amazon.com/dp/B09SV8J649?tag=eloabder-20&linkCode=osi&th=1&psc=1">View Product</a></div><div class="product"><a href="https://www.amazon.com/dp/B0BHZXPXW9?tag=eloabder-20&linkCode=osi&th=1&psc=1"><img src="https://m.media-amazon.com/images/I/51gioz5VnSL._SL500_.jpg" alt="Product Image"></a><p>MSUPSAV Gardening Gloves for Gardening,Synthetic Leather Garden Gloves,Work Gloves with Touch Screen,Best Gifts for Women,Green, Medium</p><p>$11.99</p><a href="https://www.amazon.com/dp/B0BHZXPXW9?tag=eloabder-20&linkCode=osi&th=1&psc=1">View Product</a></div><div class="product"><a href="https://www.amazon.com/dp/B0B5RFV1BK?tag=eloabder-20&linkCode=osi&th=1&psc=1"><img src="https://m.media-amazon.com/images/I/51bX+IeFx+L._SL500_.jpg" alt="Product Image"></a><p>MSUPSAV Genuine Leather Gardening Gloves,Thornproof & Puncture Resistant Garden Gloves,Gardening Gloves for Women,Long Garden Gloves,Rose Gloves,Garden Gifts(Small, Tuilp)</p><p>$15.99</p><a href="https://www.amazon.com/dp/B0B5RFV1BK?tag=eloabder-20&linkCode=osi&th=1&psc=1">View Product</a></div>
<div class="product"><a href="https://www.amazon.com/dp/B0D149L1VC?tag=eloabder-20&linkCode=osi&th=1&psc=1"><img src="https://m.media-amazon.com/images/I/41RVIeji+QL._SL500_.jpg" alt="Product Image"></a><p>HLDD HANDLANDY Gardening Gloves Long Sleeve for Women and Men Leather Garden Gloves for Yard & Outdoor Work, Golden Yellow, XL</p><p>$15.98</p><a href="https://www.amazon.com/dp/B0D149L1VC?tag=eloabder-20&linkCode=osi&th=1&psc=1">View Product</a></div>



















































<div class="product"><a href="https://www.amazon.com/dp/B0BZBTV7FM?tag=eloabder-20&linkCode=osi&th=1&psc=1"><img src="https://m.media-amazon.com/images/I/41rGR7+6sHL._SL500_.jpg" alt="Product Image"></a><p>Fly Fans for Tables, Fly Fan Indoor Outdoor with Holographic Blades, Batteries Powered Fly Fans Outdoor for Picnic, Party, Restaurant, Kitchen, and BBQ, 4 Pack</p><p>$29.99 ($7.50 / Count)</p><a href="https://www.amazon.com/dp/B0BZBTV7FM?tag=eloabder-20&linkCode=osi&th=1&psc=1">View Product</a></div>
<div class="product"><a href="https://www.amazon.com/dp/B01N6706BP?tag=eloabder-20&linkCode=osi&th=1&psc=1"><img src="https://m.media-amazon.com/images/I/51RI47QQRVL._SL500_.jpg" alt="Product Image"></a><p>Gardzen 3-Pack 72 Gallons Garden Bag - Reuseable Heavy Duty Gardening Bags, Lawn Pool Garden Leaf Waste Bag</p><p>$22.99 ($7.66 / Count)</p><a href="https://www.amazon.com/dp/B01N6706BP?tag=eloabder-20&linkCode=osi&th=1&psc=1">View Product</a></div><div class="product"><a href="https://www.amazon.com/dp/B07BR52P26?tag=eloabder-20&linkCode=osi&th=1&psc=1"><img src="https://m.media-amazon.com/images/I/41TsWY51fbL._SL500_.jpg" alt="Product Image"></a><p>SONKIR Soil pH Meter, MS02 3-in-1 Soil Moisture/Light/pH Tester Gardening Tool Kits for Plant Care, Great for Garden, Lawn, Farm, Indoor & Outdoor Use (Green)</p><p>$9.99</p><a href="https://www.amazon.com/dp/B07BR52P26?tag=eloabder-20&linkCode=osi&th=1&psc=1">View Product</a></div>
<div class="product"><a href="https://www.amazon.com/dp/B09S7YL4QV?tag=eloabder-20&linkCode=osi&th=1&psc=1"><img src="https://m.media-amazon.com/images/I/51eFJ8Uv1xL._SL500_.jpg" alt="Product Image"></a><p>Burpee SuperSeed Seed Starting Tray | 36 Cell Reusable Seed Starter Tray | for Starting Vegetable, Flower & Herb Seeds | Indoor Grow Kit for Plant Seedlings | for Germination Success</p><p>$11.97</p><a href="https://www.amazon.com/dp/B09S7YL4QV?tag=eloabder-20&linkCode=osi&th=1&psc=1">View Product</a></div><div class="product"><a href="https://www.amazon.com/dp/B01MU394JM?tag=eloabder-20&linkCode=osi&th=1&psc=1"><img src="https://m.media-amazon.com/images/I/517TE2AFBZL._SL500_.jpg" alt="Product Image"></a><p>Miracle-Gro Shake 'N Feed Tomato, Fruit & Vegetable Plant Food, 1 lb.</p><p>$8.08 ($0.50 / Ounce)</p><a href="https://www.amazon.com/dp/B01MU394JM?tag=eloabder-20&linkCode=osi&th=1&psc=1">View Product</a></div>
<div class="product"><a href="https://www.amazon.com/dp/B09SV8J649?tag=eloabder-20&linkCode=osi&th=1&psc=1"><img src="https://m.media-amazon.com/images/I/51G3IdGm9mL._SL500_.jpg" alt="Product Image"></a><p>Miracle-Gro Women's Nitrile Coated Grip Floral Pattern Gardening Work Gloves, Extreme Comfort, Excellent Grip, Water Resistant, Pink/Purple, Small, (MG37126/WSM)</p><p>$5.99</p><a href="https://www.amazon.com/dp/B09SV8J649?tag=eloabder-20&linkCode=osi&th=1&psc=1">View Product</a></div><div class="product"><a href="https://www.amazon.com/dp/B0BHZXPXW9?tag=eloabder-20&linkCode=osi&th=1&psc=1"><img src="https://m.media-amazon.com/images/I/51gioz5VnSL._SL500_.jpg" alt="Product Image"></a><p>MSUPSAV Gardening Gloves for Gardening,Synthetic Leather Garden Gloves,Work Gloves with Touch Screen,Best Gifts for Women,Green, Medium</p><p>$11.99</p><a href="https://www.amazon.com/dp/B0BHZXPXW9?tag=eloabder-20&linkCode=osi&th=1&psc=1">View Product</a></div><div class="product"><a href="https://www.amazon.com/dp/B0B5RFV1BK?tag=eloabder-20&linkCode=osi&th=1&psc=1"><img src="https://m.media-amazon.com/images/I/51bX+IeFx+L._SL500_.jpg" alt="Product Image"></a><p>MSUPSAV Genuine Leather Gardening Gloves,Thornproof & Puncture Resistant Garden Gloves,Gardening Gloves for Women,Long Garden Gloves,Rose Gloves,Garden Gifts(Small, Tuilp)</p><p>$15.99</p><a href="https://www.amazon.com/dp/B0B5RFV1BK?tag=eloabder-20&linkCode=osi&th=1&psc=1">View Product</a></div>
<div class="product"><a href="https://www.amazon.com/dp/B0D149L1VC?tag=eloabder-20&linkCode=osi&th=1&psc=1"><img src="https://m.media-amazon.com/images/I/41RVIeji+QL._SL500_.jpg" alt="Product Image"></a><p>HLDD HANDLANDY Gardening Gloves Long Sleeve for Women and Men Leather Garden Gloves for Yard & Outdoor Work, Golden Yellow, XL</p><p>$15.98</p><a href="https://www.amazon.com/dp/B0D149L1VC?tag=eloabder-20&linkCode=osi&th=1&psc=1">View Product</a></div>




















































<div class="product"><a href="https://www.amazon.com/dp/B0BZBTV7FM?tag=eloabder-20&linkCode=osi&th=1&psc=1"><img src="https://m.media-amazon.com/images/I/41rGR7+6sHL._SL500_.jpg" alt="Product Image"></a><p>Fly Fans for Tables, Fly Fan Indoor Outdoor with Holographic Blades, Batteries Powered Fly Fans Outdoor for Picnic, Party, Restaurant, Kitchen, and BBQ, 4 Pack</p><p>$29.99 ($7.50 / Count)</p><a href="https://www.amazon.com/dp/B0BZBTV7FM?tag=eloabder-20&linkCode=osi&th=1&psc=1">View Product</a></div>
<div class="product"><a href="https://www.amazon.com/dp/B01N6706BP?tag=eloabder-20&linkCode=osi&th=1&psc=1"><img src="https://m.media-amazon.com/images/I/51RI47QQRVL._SL500_.jpg" alt="Product Image"></a><p>Gardzen 3-Pack 72 Gallons Garden Bag - Reuseable Heavy Duty Gardening Bags, Lawn Pool Garden Leaf Waste Bag</p><p>$22.99 ($7.66 / Count)</p><a href="https://www.amazon.com/dp/B01N6706BP?tag=eloabder-20&linkCode=osi&th=1&psc=1">View Product</a></div><div class="product"><a href="https://www.amazon.com/dp/B07BR52P26?tag=eloabder-20&linkCode=osi&th=1&psc=1"><img src="https://m.media-amazon.com/images/I/41TsWY51fbL._SL500_.jpg" alt="Product Image"></a><p>SONKIR Soil pH Meter, MS02 3-in-1 Soil Moisture/Light/pH Tester Gardening Tool Kits for Plant Care, Great for Garden, Lawn, Farm, Indoor & Outdoor Use (Green)</p><p>$9.99</p><a href="https://www.amazon.com/dp/B07BR52P26?tag=eloabder-20&linkCode=osi&th=1&psc=1">View Product</a></div>
<div class="product"><a href="https://www.amazon.com/dp/B09S7YL4QV?tag=eloabder-20&linkCode=osi&th=1&psc=1"><img src="https://m.media-amazon.com/images/I/51eFJ8Uv1xL._SL500_.jpg" alt="Product Image"></a><p>Burpee SuperSeed Seed Starting Tray | 36 Cell Reusable Seed Starter Tray | for Starting Vegetable, Flower & Herb Seeds | Indoor Grow Kit for Plant Seedlings | for Germination Success</p><p>$11.97</p><a href="https://www.amazon.com/dp/B09S7YL4QV?tag=eloabder-20&linkCode=osi&th=1&psc=1">View Product</a></div><div class="product"><a href="https://www.amazon.com/dp/B01MU394JM?tag=eloabder-20&linkCode=osi&th=1&psc=1"><img src="https://m.media-amazon.com/images/I/517TE2AFBZL._SL500_.jpg" alt="Product Image"></a><p>Miracle-Gro Shake 'N Feed Tomato, Fruit & Vegetable Plant Food, 1 lb.</p><p>$8.08 ($0.50 / Ounce)</p><a href="https://www.amazon.com/dp/B01MU394JM?tag=eloabder-20&linkCode=osi&th=1&psc=1">View Product</a></div>
<div class="product"><a href="https://www.amazon.com/dp/B09SV8J649?tag=eloabder-20&linkCode=osi&th=1&psc=1"><img src="https://m.media-amazon.com/images/I/51G3IdGm9mL._SL500_.jpg" alt="Product Image"></a><p>Miracle-Gro Women's Nitrile Coated Grip Floral Pattern Gardening Work Gloves, Extreme Comfort, Excellent Grip, Water Resistant, Pink/Purple, Small, (MG37126/WSM)</p><p>$5.99</p><a href="https://www.amazon.com/dp/B09SV8J649?tag=eloabder-20&linkCode=osi&th=1&psc=1">View Product</a></div><div class="product"><a href="https://www.amazon.com/dp/B0BHZXPXW9?tag=eloabder-20&linkCode=osi&th=1&psc=1"><img src="https://m.media-amazon.com/images/I/51gioz5VnSL._SL500_.jpg" alt="Product Image"></a><p>MSUPSAV Gardening Gloves for Gardening,Synthetic Leather Garden Gloves,Work Gloves with Touch Screen,Best Gifts for Women,Green, Medium</p><p>$11.99</p><a href="https://www.amazon.com/dp/B0BHZXPXW9?tag=eloabder-20&linkCode=osi&th=1&psc=1">View Product</a></div><div class="product"><a href="https://www.amazon.com/dp/B0B5RFV1BK?tag=eloabder-20&linkCode=osi&th=1&psc=1"><img src="https://m.media-amazon.com/images/I/51bX+IeFx+L._SL500_.jpg" alt="Product Image"></a><p>MSUPSAV Genuine Leather Gardening Gloves,Thornproof & Puncture Resistant Garden Gloves,Gardening Gloves for Women,Long Garden Gloves,Rose Gloves,Garden Gifts(Small, Tuilp)</p><p>$15.99</p><a href="https://www.amazon.com/dp/B0B5RFV1BK?tag=eloabder-20&linkCode=osi&th=1&psc=1">View Product</a></div>
<div class="product"><a href="https://www.amazon.com/dp/B0D149L1VC?tag=eloabder-20&linkCode=osi&th=1&psc=1"><img src="https://m.media-amazon.com/images/I/41RVIeji+QL._SL500_.jpg" alt="Product Image"></a><p>HLDD HANDLANDY Gardening Gloves Long Sleeve for Women and Men Leather Garden Gloves for Yard & Outdoor Work, Golden Yellow, XL</p><p>$15.98</p><a href="https://www.amazon.com/dp/B0D149L1VC?tag=eloabder-20&linkCode=osi&th=1&psc=1">View Product</a></div>





















































<div class="product"><a href="https://www.amazon.com/dp/B0BZBTV7FM?tag=eloabder-20&linkCode=osi&th=1&psc=1"><img src="https://m.media-amazon.com/images/I/41rGR7+6sHL._SL500_.jpg" alt="Product Image"></a><p>Fly Fans for Tables, Fly Fan Indoor Outdoor with Holographic Blades, Batteries Powered Fly Fans Outdoor for Picnic, Party, Restaurant, Kitchen, and BBQ, 4 Pack</p><p>$29.99 ($7.50 / Count)</p><a href="https://www.amazon.com/dp/B0BZBTV7FM?tag=eloabder-20&linkCode=osi&th=1&psc=1">View Product</a></div>
<div class="product"><a href="https://www.amazon.com/dp/B01N6706BP?tag=eloabder-20&linkCode=osi&th=1&psc=1"><img src="https://m.media-amazon.com/images/I/51RI47QQRVL._SL500_.jpg" alt="Product Image"></a><p>Gardzen 3-Pack 72 Gallons Garden Bag - Reuseable Heavy Duty Gardening Bags, Lawn Pool Garden Leaf Waste Bag</p><p>$22.99 ($7.66 / Count)</p><a href="https://www.amazon.com/dp/B01N6706BP?tag=eloabder-20&linkCode=osi&th=1&psc=1">View Product</a></div><div class="product"><a href="https://www.amazon.com/dp/B07BR52P26?tag=eloabder-20&linkCode=osi&th=1&psc=1"><img src="https://m.media-amazon.com/images/I/41TsWY51fbL._SL500_.jpg" alt="Product Image"></a><p>SONKIR Soil pH Meter, MS02 3-in-1 Soil Moisture/Light/pH Tester Gardening Tool Kits for Plant Care, Great for Garden, Lawn, Farm, Indoor & Outdoor Use (Green)</p><p>$9.99</p><a href="https://www.amazon.com/dp/B07BR52P26?tag=eloabder-20&linkCode=osi&th=1&psc=1">View Product</a></div>
<div class="product"><a href="https://www.amazon.com/dp/B09S7YL4QV?tag=eloabder-20&linkCode=osi&th=1&psc=1"><img src="https://m.media-amazon.com/images/I/51eFJ8Uv1xL._SL500_.jpg" alt="Product Image"></a><p>Burpee SuperSeed Seed Starting Tray | 36 Cell Reusable Seed Starter Tray | for Starting Vegetable, Flower & Herb Seeds | Indoor Grow Kit for Plant Seedlings | for Germination Success</p><p>$11.97</p><a href="https://www.amazon.com/dp/B09S7YL4QV?tag=eloabder-20&linkCode=osi&th=1&psc=1">View Product</a></div><div class="product"><a href="https://www.amazon.com/dp/B01MU394JM?tag=eloabder-20&linkCode=osi&th=1&psc=1"><img src="https://m.media-amazon.com/images/I/517TE2AFBZL._SL500_.jpg" alt="Product Image"></a><p>Miracle-Gro Shake 'N Feed Tomato, Fruit & Vegetable Plant Food, 1 lb.</p><p>$8.08 ($0.50 / Ounce)</p><a href="https://www.amazon.com/dp/B01MU394JM?tag=eloabder-20&linkCode=osi&th=1&psc=1">View Product</a></div>
<div class="product"><a href="https://www.amazon.com/dp/B09SV8J649?tag=eloabder-20&linkCode=osi&th=1&psc=1"><img src="https://m.media-amazon.com/images/I/51G3IdGm9mL._SL500_.jpg" alt="Product Image"></a><p>Miracle-Gro Women's Nitrile Coated Grip Floral Pattern Gardening Work Gloves, Extreme Comfort, Excellent Grip, Water Resistant, Pink/Purple, Small, (MG37126/WSM)</p><p>$5.99</p><a href="https://www.amazon.com/dp/B09SV8J649?tag=eloabder-20&linkCode=osi&th=1&psc=1">View Product</a></div><div class="product"><a href="https://www.amazon.com/dp/B0BHZXPXW9?tag=eloabder-20&linkCode=osi&th=1&psc=1"><img src="https://m.media-amazon.com/images/I/51gioz5VnSL._SL500_.jpg" alt="Product Image"></a><p>MSUPSAV Gardening Gloves for Gardening,Synthetic Leather Garden Gloves,Work Gloves with Touch Screen,Best Gifts for Women,Green, Medium</p><p>$11.99</p><a href="https://www.amazon.com/dp/B0BHZXPXW9?tag=eloabder-20&linkCode=osi&th=1&psc=1">View Product</a></div><div class="product"><a href="https://www.amazon.com/dp/B0B5RFV1BK?tag=eloabder-20&linkCode=osi&th=1&psc=1"><img src="https://m.media-amazon.com/images/I/51bX+IeFx+L._SL500_.jpg" alt="Product Image"></a><p>MSUPSAV Genuine Leather Gardening Gloves,Thornproof & Puncture Resistant Garden Gloves,Gardening Gloves for Women,Long Garden Gloves,Rose Gloves,Garden Gifts(Small, Tuilp)</p><p>$15.99</p><a href="https://www.amazon.com/dp/B0B5RFV1BK?tag=eloabder-20&linkCode=osi&th=1&psc=1">View Product</a></div>
<div class="product"><a href="https://www.amazon.com/dp/B0D149L1VC?tag=eloabder-20&linkCode=osi&th=1&psc=1"><img src="https://m.media-amazon.com/images/I/41RVIeji+QL._SL500_.jpg" alt="Product Image"></a><p>HLDD HANDLANDY Gardening Gloves Long Sleeve for Women and Men Leather Garden Gloves for Yard & Outdoor Work, Golden Yellow, XL</p><p>$15.98</p><a href="https://www.amazon.com/dp/B0D149L1VC?tag=eloabder-20&linkCode=osi&th=1&psc=1">View Product</a></div>






















































<div class="product"><a href="https://www.amazon.com/dp/B0BZBTV7FM?tag=eloabder-20&linkCode=osi&th=1&psc=1"><img src="https://m.media-amazon.com/images/I/41rGR7+6sHL._SL500_.jpg" alt="Product Image"></a><p>Fly Fans for Tables, Fly Fan Indoor Outdoor with Holographic Blades, Batteries Powered Fly Fans Outdoor for Picnic, Party, Restaurant, Kitchen, and BBQ, 4 Pack</p><p>$29.99 ($7.50 / Count)</p><a href="https://www.amazon.com/dp/B0BZBTV7FM?tag=eloabder-20&linkCode=osi&th=1&psc=1">View Product</a></div>
<div class="product"><a href="https://www.amazon.com/dp/B01N6706BP?tag=eloabder-20&linkCode=osi&th=1&psc=1"><img src="https://m.media-amazon.com/images/I/51RI47QQRVL._SL500_.jpg" alt="Product Image"></a><p>Gardzen 3-Pack 72 Gallons Garden Bag - Reuseable Heavy Duty Gardening Bags, Lawn Pool Garden Leaf Waste Bag</p><p>$22.99 ($7.66 / Count)</p><a href="https://www.amazon.com/dp/B01N6706BP?tag=eloabder-20&linkCode=osi&th=1&psc=1">View Product</a></div><div class="product"><a href="https://www.amazon.com/dp/B07BR52P26?tag=eloabder-20&linkCode=osi&th=1&psc=1"><img src="https://m.media-amazon.com/images/I/41TsWY51fbL._SL500_.jpg" alt="Product Image"></a><p>SONKIR Soil pH Meter, MS02 3-in-1 Soil Moisture/Light/pH Tester Gardening Tool Kits for Plant Care, Great for Garden, Lawn, Farm, Indoor & Outdoor Use (Green)</p><p>$9.99</p><a href="https://www.amazon.com/dp/B07BR52P26?tag=eloabder-20&linkCode=osi&th=1&psc=1">View Product</a></div>
<div class="product"><a href="https://www.amazon.com/dp/B09S7YL4QV?tag=eloabder-20&linkCode=osi&th=1&psc=1"><img src="https://m.media-amazon.com/images/I/51eFJ8Uv1xL._SL500_.jpg" alt="Product Image"></a><p>Burpee SuperSeed Seed Starting Tray | 36 Cell Reusable Seed Starter Tray | for Starting Vegetable, Flower & Herb Seeds | Indoor Grow Kit for Plant Seedlings | for Germination Success</p><p>$11.97</p><a href="https://www.amazon.com/dp/B09S7YL4QV?tag=eloabder-20&linkCode=osi&th=1&psc=1">View Product</a></div><div class="product"><a href="https://www.amazon.com/dp/B01MU394JM?tag=eloabder-20&linkCode=osi&th=1&psc=1"><img src="https://m.media-amazon.com/images/I/517TE2AFBZL._SL500_.jpg" alt="Product Image"></a><p>Miracle-Gro Shake 'N Feed Tomato, Fruit & Vegetable Plant Food, 1 lb.</p><p>$8.08 ($0.50 / Ounce)</p><a href="https://www.amazon.com/dp/B01MU394JM?tag=eloabder-20&linkCode=osi&th=1&psc=1">View Product</a></div>
<div class="product"><a href="https://www.amazon.com/dp/B09SV8J649?tag=eloabder-20&linkCode=osi&th=1&psc=1"><img src="https://m.media-amazon.com/images/I/51G3IdGm9mL._SL500_.jpg" alt="Product Image"></a><p>Miracle-Gro Women's Nitrile Coated Grip Floral Pattern Gardening Work Gloves, Extreme Comfort, Excellent Grip, Water Resistant, Pink/Purple, Small, (MG37126/WSM)</p><p>$5.99</p><a href="https://www.amazon.com/dp/B09SV8J649?tag=eloabder-20&linkCode=osi&th=1&psc=1">View Product</a></div><div class="product"><a href="https://www.amazon.com/dp/B0BHZXPXW9?tag=eloabder-20&linkCode=osi&th=1&psc=1"><img src="https://m.media-amazon.com/images/I/51gioz5VnSL._SL500_.jpg" alt="Product Image"></a><p>MSUPSAV Gardening Gloves for Gardening,Synthetic Leather Garden Gloves,Work Gloves with Touch Screen,Best Gifts for Women,Green, Medium</p><p>$11.99</p><a href="https://www.amazon.com/dp/B0BHZXPXW9?tag=eloabder-20&linkCode=osi&th=1&psc=1">View Product</a></div><div class="product"><a href="https://www.amazon.com/dp/B0B5RFV1BK?tag=eloabder-20&linkCode=osi&th=1&psc=1"><img src="https://m.media-amazon.com/images/I/51bX+IeFx+L._SL500_.jpg" alt="Product Image"></a><p>MSUPSAV Genuine Leather Gardening Gloves,Thornproof & Puncture Resistant Garden Gloves,Gardening Gloves for Women,Long Garden Gloves,Rose Gloves,Garden Gifts(Small, Tuilp)</p><p>$15.99</p><a href="https://www.amazon.com/dp/B0B5RFV1BK?tag=eloabder-20&linkCode=osi&th=1&psc=1">View Product</a></div>
<div class="product"><a href="https://www.amazon.com/dp/B0D149L1VC?tag=eloabder-20&linkCode=osi&th=1&psc=1"><img src="https://m.media-amazon.com/images/I/41RVIeji+QL._SL500_.jpg" alt="Product Image"></a><p>HLDD HANDLANDY Gardening Gloves Long Sleeve for Women and Men Leather Garden Gloves for Yard & Outdoor Work, Golden Yellow, XL</p><p>$15.98</p><a href="https://www.amazon.com/dp/B0D149L1VC?tag=eloabder-20&linkCode=osi&th=1&psc=1">View Product</a></div>























































<div class="product"><a href="https://www.amazon.com/dp/B0BZBTV7FM?tag=eloabder-20&linkCode=osi&th=1&psc=1"><img src="https://m.media-amazon.com/images/I/41rGR7+6sHL._SL500_.jpg" alt="Product Image"></a><p>Fly Fans for Tables, Fly Fan Indoor Outdoor with Holographic Blades, Batteries Powered Fly Fans Outdoor for Picnic, Party, Restaurant, Kitchen, and BBQ, 4 Pack</p><p>$29.99 ($7.50 / Count)</p><a href="https://www.amazon.com/dp/B0BZBTV7FM?tag=eloabder-20&linkCode=osi&th=1&psc=1">View Product</a></div>
<div class="product"><a href="https://www.amazon.com/dp/B01N6706BP?tag=eloabder-20&linkCode=osi&th=1&psc=1"><img src="https://m.media-amazon.com/images/I/51RI47QQRVL._SL500_.jpg" alt="Product Image"></a><p>Gardzen 3-Pack 72 Gallons Garden Bag - Reuseable Heavy Duty Gardening Bags, Lawn Pool Garden Leaf Waste Bag</p><p>$22.99 ($7.66 / Count)</p><a href="https://www.amazon.com/dp/B01N6706BP?tag=eloabder-20&linkCode=osi&th=1&psc=1">View Product</a></div><div class="product"><a href="https://www.amazon.com/dp/B07BR52P26?tag=eloabder-20&linkCode=osi&th=1&psc=1"><img src="https://m.media-amazon.com/images/I/41TsWY51fbL._SL500_.jpg" alt="Product Image"></a><p>SONKIR Soil pH Meter, MS02 3-in-1 Soil Moisture/Light/pH Tester Gardening Tool Kits for Plant Care, Great for Garden, Lawn, Farm, Indoor & Outdoor Use (Green)</p><p>$9.99</p><a href="https://www.amazon.com/dp/B07BR52P26?tag=eloabder-20&linkCode=osi&th=1&psc=1">View Product</a></div>
<div class="product"><a href="https://www.amazon.com/dp/B09S7YL4QV?tag=eloabder-20&linkCode=osi&th=1&psc=1"><img src="https://m.media-amazon.com/images/I/51eFJ8Uv1xL._SL500_.jpg" alt="Product Image"></a><p>Burpee SuperSeed Seed Starting Tray | 36 Cell Reusable Seed Starter Tray | for Starting Vegetable, Flower & Herb Seeds | Indoor Grow Kit for Plant Seedlings | for Germination Success</p><p>$11.97</p><a href="https://www.amazon.com/dp/B09S7YL4QV?tag=eloabder-20&linkCode=osi&th=1&psc=1">View Product</a></div><div class="product"><a href="https://www.amazon.com/dp/B01MU394JM?tag=eloabder-20&linkCode=osi&th=1&psc=1"><img src="https://m.media-amazon.com/images/I/517TE2AFBZL._SL500_.jpg" alt="Product Image"></a><p>Miracle-Gro Shake 'N Feed Tomato, Fruit & Vegetable Plant Food, 1 lb.</p><p>$8.08 ($0.50 / Ounce)</p><a href="https://www.amazon.com/dp/B01MU394JM?tag=eloabder-20&linkCode=osi&th=1&psc=1">View Product</a></div>
<div class="product"><a href="https://www.amazon.com/dp/B09SV8J649?tag=eloabder-20&linkCode=osi&th=1&psc=1"><img src="https://m.media-amazon.com/images/I/51G3IdGm9mL._SL500_.jpg" alt="Product Image"></a><p>Miracle-Gro Women's Nitrile Coated Grip Floral Pattern Gardening Work Gloves, Extreme Comfort, Excellent Grip, Water Resistant, Pink/Purple, Small, (MG37126/WSM)</p><p>$5.99</p><a href="https://www.amazon.com/dp/B09SV8J649?tag=eloabder-20&linkCode=osi&th=1&psc=1">View Product</a></div><div class="product"><a href="https://www.amazon.com/dp/B0BHZXPXW9?tag=eloabder-20&linkCode=osi&th=1&psc=1"><img src="https://m.media-amazon.com/images/I/51gioz5VnSL._SL500_.jpg" alt="Product Image"></a><p>MSUPSAV Gardening Gloves for Gardening,Synthetic Leather Garden Gloves,Work Gloves with Touch Screen,Best Gifts for Women,Green, Medium</p><p>$11.99</p><a href="https://www.amazon.com/dp/B0BHZXPXW9?tag=eloabder-20&linkCode=osi&th=1&psc=1">View Product</a></div><div class="product"><a href="https://www.amazon.com/dp/B0B5RFV1BK?tag=eloabder-20&linkCode=osi&th=1&psc=1"><img src="https://m.media-amazon.com/images/I/51bX+IeFx+L._SL500_.jpg" alt="Product Image"></a><p>MSUPSAV Genuine Leather Gardening Gloves,Thornproof & Puncture Resistant Garden Gloves,Gardening Gloves for Women,Long Garden Gloves,Rose Gloves,Garden Gifts(Small, Tuilp)</p><p>$15.99</p><a href="https://www.amazon.com/dp/B0B5RFV1BK?tag=eloabder-20&linkCode=osi&th=1&psc=1">View Product</a></div>
<div class="product"><a href="https://www.amazon.com/dp/B0D149L1VC?tag=eloabder-20&linkCode=osi&th=1&psc=1"><img src="https://m.media-amazon.com/images/I/41RVIeji+QL._SL500_.jpg" alt="Product Image"></a><p>HLDD HANDLANDY Gardening Gloves Long Sleeve for Women and Men Leather Garden Gloves for Yard & Outdoor Work, Golden Yellow, XL</p><p>$15.98</p><a href="https://www.amazon.com/dp/B0D149L1VC?tag=eloabder-20&linkCode=osi&th=1&psc=1">View Product</a></div>
























































<div class="product"><a href="https://www.amazon.com/dp/B0BZBTV7FM?tag=eloabder-20&linkCode=osi&th=1&psc=1"><img src="https://m.media-amazon.com/images/I/41rGR7+6sHL._SL500_.jpg" alt="Product Image"></a><p>Fly Fans for Tables, Fly Fan Indoor Outdoor with Holographic Blades, Batteries Powered Fly Fans Outdoor for Picnic, Party, Restaurant, Kitchen, and BBQ, 4 Pack</p><p>$29.99 ($7.50 / Count)</p><a href="https://www.amazon.com/dp/B0BZBTV7FM?tag=eloabder-20&linkCode=osi&th=1&psc=1">View Product</a></div>
<div class="product"><a href="https://www.amazon.com/dp/B01N6706BP?tag=eloabder-20&linkCode=osi&th=1&psc=1"><img src="https://m.media-amazon.com/images/I/51RI47QQRVL._SL500_.jpg" alt="Product Image"></a><p>Gardzen 3-Pack 72 Gallons Garden Bag - Reuseable Heavy Duty Gardening Bags, Lawn Pool Garden Leaf Waste Bag</p><p>$22.99 ($7.66 / Count)</p><a href="https://www.amazon.com/dp/B01N6706BP?tag=eloabder-20&linkCode=osi&th=1&psc=1">View Product</a></div><div class="product"><a href="https://www.amazon.com/dp/B07BR52P26?tag=eloabder-20&linkCode=osi&th=1&psc=1"><img src="https://m.media-amazon.com/images/I/41TsWY51fbL._SL500_.jpg" alt="Product Image"></a><p>SONKIR Soil pH Meter, MS02 3-in-1 Soil Moisture/Light/pH Tester Gardening Tool Kits for Plant Care, Great for Garden, Lawn, Farm, Indoor & Outdoor Use (Green)</p><p>$9.99</p><a href="https://www.amazon.com/dp/B07BR52P26?tag=eloabder-20&linkCode=osi&th=1&psc=1">View Product</a></div>
<div class="product"><a href="https://www.amazon.com/dp/B09S7YL4QV?tag=eloabder-20&linkCode=osi&th=1&psc=1"><img src="https://m.media-amazon.com/images/I/51eFJ8Uv1xL._SL500_.jpg" alt="Product Image"></a><p>Burpee SuperSeed Seed Starting Tray | 36 Cell Reusable Seed Starter Tray | for Starting Vegetable, Flower & Herb Seeds | Indoor Grow Kit for Plant Seedlings | for Germination Success</p><p>$11.97</p><a href="https://www.amazon.com/dp/B09S7YL4QV?tag=eloabder-20&linkCode=osi&th=1&psc=1">View Product</a></div><div class="product"><a href="https://www.amazon.com/dp/B01MU394JM?tag=eloabder-20&linkCode=osi&th=1&psc=1"><img src="https://m.media-amazon.com/images/I/517TE2AFBZL._SL500_.jpg" alt="Product Image"></a><p>Miracle-Gro Shake 'N Feed Tomato, Fruit & Vegetable Plant Food, 1 lb.</p><p>$8.08 ($0.50 / Ounce)</p><a href="https://www.amazon.com/dp/B01MU394JM?tag=eloabder-20&linkCode=osi&th=1&psc=1">View Product</a></div>
<div class="product"><a href="https://www.amazon.com/dp/B09SV8J649?tag=eloabder-20&linkCode=osi&th=1&psc=1"><img src="https://m.media-amazon.com/images/I/51G3IdGm9mL._SL500_.jpg" alt="Product Image"></a><p>Miracle-Gro Women's Nitrile Coated Grip Floral Pattern Gardening Work Gloves, Extreme Comfort, Excellent Grip, Water Resistant, Pink/Purple, Small, (MG37126/WSM)</p><p>$5.99</p><a href="https://www.amazon.com/dp/B09SV8J649?tag=eloabder-20&linkCode=osi&th=1&psc=1">View Product</a></div><div class="product"><a href="https://www.amazon.com/dp/B0BHZXPXW9?tag=eloabder-20&linkCode=osi&th=1&psc=1"><img src="https://m.media-amazon.com/images/I/51gioz5VnSL._SL500_.jpg" alt="Product Image"></a><p>MSUPSAV Gardening Gloves for Gardening,Synthetic Leather Garden Gloves,Work Gloves with Touch Screen,Best Gifts for Women,Green, Medium</p><p>$11.99</p><a href="https://www.amazon.com/dp/B0BHZXPXW9?tag=eloabder-20&linkCode=osi&th=1&psc=1">View Product</a></div><div class="product"><a href="https://www.amazon.com/dp/B0B5RFV1BK?tag=eloabder-20&linkCode=osi&th=1&psc=1"><img src="https://m.media-amazon.com/images/I/51bX+IeFx+L._SL500_.jpg" alt="Product Image"></a><p>MSUPSAV Genuine Leather Gardening Gloves,Thornproof & Puncture Resistant Garden Gloves,Gardening Gloves for Women,Long Garden Gloves,Rose Gloves,Garden Gifts(Small, Tuilp)</p><p>$15.99</p><a href="https://www.amazon.com/dp/B0B5RFV1BK?tag=eloabder-20&linkCode=osi&th=1&psc=1">View Product</a></div>
<div class="product"><a href="https://www.amazon.com/dp/B0D149L1VC?tag=eloabder-20&linkCode=osi&th=1&psc=1"><img src="https://m.media-amazon.com/images/I/41RVIeji+QL._SL500_.jpg" alt="Product Image"></a><p>HLDD HANDLANDY Gardening Gloves Long Sleeve for Women and Men Leather Garden Gloves for Yard & Outdoor Work, Golden Yellow, XL</p><p>$15.98</p><a href="https://www.amazon.com/dp/B0D149L1VC?tag=eloabder-20&linkCode=osi&th=1&psc=1">View Product</a></div>

























































<div class="product"><a href="https://www.amazon.com/dp/B0BZBTV7FM?tag=eloabder-20&linkCode=osi&th=1&psc=1"><img src="https://m.media-amazon.com/images/I/41rGR7+6sHL._SL500_.jpg" alt="Product Image"></a><p>Fly Fans for Tables, Fly Fan Indoor Outdoor with Holographic Blades, Batteries Powered Fly Fans Outdoor for Picnic, Party, Restaurant, Kitchen, and BBQ, 4 Pack</p><p>$29.99 ($7.50 / Count)</p><a href="https://www.amazon.com/dp/B0BZBTV7FM?tag=eloabder-20&linkCode=osi&th=1&psc=1">View Product</a></div>
<div class="product"><a href="https://www.amazon.com/dp/B01N6706BP?tag=eloabder-20&linkCode=osi&th=1&psc=1"><img src="https://m.media-amazon.com/images/I/51RI47QQRVL._SL500_.jpg" alt="Product Image"></a><p>Gardzen 3-Pack 72 Gallons Garden Bag - Reuseable Heavy Duty Gardening Bags, Lawn Pool Garden Leaf Waste Bag</p><p>$22.99 ($7.66 / Count)</p><a href="https://www.amazon.com/dp/B01N6706BP?tag=eloabder-20&linkCode=osi&th=1&psc=1">View Product</a></div><div class="product"><a href="https://www.amazon.com/dp/B07BR52P26?tag=eloabder-20&linkCode=osi&th=1&psc=1"><img src="https://m.media-amazon.com/images/I/41TsWY51fbL._SL500_.jpg" alt="Product Image"></a><p>SONKIR Soil pH Meter, MS02 3-in-1 Soil Moisture/Light/pH Tester Gardening Tool Kits for Plant Care, Great for Garden, Lawn, Farm, Indoor & Outdoor Use (Green)</p><p>$9.99</p><a href="https://www.amazon.com/dp/B07BR52P26?tag=eloabder-20&linkCode=osi&th=1&psc=1">View Product</a></div>
<div class="product"><a href="https://www.amazon.com/dp/B09S7YL4QV?tag=eloabder-20&linkCode=osi&th=1&psc=1"><img src="https://m.media-amazon.com/images/I/51eFJ8Uv1xL._SL500_.jpg" alt="Product Image"></a><p>Burpee SuperSeed Seed Starting Tray | 36 Cell Reusable Seed Starter Tray | for Starting Vegetable, Flower & Herb Seeds | Indoor Grow Kit for Plant Seedlings | for Germination Success</p><p>$11.97</p><a href="https://www.amazon.com/dp/B09S7YL4QV?tag=eloabder-20&linkCode=osi&th=1&psc=1">View Product</a></div><div class="product"><a href="https://www.amazon.com/dp/B01MU394JM?tag=eloabder-20&linkCode=osi&th=1&psc=1"><img src="https://m.media-amazon.com/images/I/517TE2AFBZL._SL500_.jpg" alt="Product Image"></a><p>Miracle-Gro Shake 'N Feed Tomato, Fruit & Vegetable Plant Food, 1 lb.</p><p>$8.08 ($0.50 / Ounce)</p><a href="https://www.amazon.com/dp/B01MU394JM?tag=eloabder-20&linkCode=osi&th=1&psc=1">View Product</a></div>
<div class="product"><a href="https://www.amazon.com/dp/B09SV8J649?tag=eloabder-20&linkCode=osi&th=1&psc=1"><img src="https://m.media-amazon.com/images/I/51G3IdGm9mL._SL500_.jpg" alt="Product Image"></a><p>Miracle-Gro Women's Nitrile Coated Grip Floral Pattern Gardening Work Gloves, Extreme Comfort, Excellent Grip, Water Resistant, Pink/Purple, Small, (MG37126/WSM)</p><p>$5.99</p><a href="https://www.amazon.com/dp/B09SV8J649?tag=eloabder-20&linkCode=osi&th=1&psc=1">View Product</a></div><div class="product"><a href="https://www.amazon.com/dp/B0BHZXPXW9?tag=eloabder-20&linkCode=osi&th=1&psc=1"><img src="https://m.media-amazon.com/images/I/51gioz5VnSL._SL500_.jpg" alt="Product Image"></a><p>MSUPSAV Gardening Gloves for Gardening,Synthetic Leather Garden Gloves,Work Gloves with Touch Screen,Best Gifts for Women,Green, Medium</p><p>$11.99</p><a href="https://www.amazon.com/dp/B0BHZXPXW9?tag=eloabder-20&linkCode=osi&th=1&psc=1">View Product</a></div><div class="product"><a href="https://www.amazon.com/dp/B0B5RFV1BK?tag=eloabder-20&linkCode=osi&th=1&psc=1"><img src="https://m.media-amazon.com/images/I/51bX+IeFx+L._SL500_.jpg" alt="Product Image"></a><p>MSUPSAV Genuine Leather Gardening Gloves,Thornproof & Puncture Resistant Garden Gloves,Gardening Gloves for Women,Long Garden Gloves,Rose Gloves,Garden Gifts(Small, Tuilp)</p><p>$15.99</p><a href="https://www.amazon.com/dp/B0B5RFV1BK?tag=eloabder-20&linkCode=osi&th=1&psc=1">View Product</a></div>
<div class="product"><a href="https://www.amazon.com/dp/B0D149L1VC?tag=eloabder-20&linkCode=osi&th=1&psc=1"><img src="https://m.media-amazon.com/images/I/41RVIeji+QL._SL500_.jpg" alt="Product Image"></a><p>HLDD HANDLANDY Gardening Gloves Long Sleeve for Women and Men Leather Garden Gloves for Yard & Outdoor Work, Golden Yellow, XL</p><p>$15.98</p><a href="https://www.amazon.com/dp/B0D149L1VC?tag=eloabder-20&linkCode=osi&th=1&psc=1">View Product</a></div>























































<div class="product"><a href="https://www.amazon.com/dp/B0071E1YJO?tag=eloabder-20&linkCode=osi&th=1&psc=1"><img src="https://m.media-amazon.com/images/I/41uUMfglltL._SL500_.jpg" alt="Product Image"></a><p>Miracle-Gro Leaf Shine, 8-Ounce Green</p><p>$8.48 ($1.06 / Fl Oz)</p><a href="https://www.amazon.com/dp/B0071E1YJO?tag=eloabder-20&linkCode=osi&th=1&psc=1">View Product</a></div><div class="product"><a href="https://www.amazon.com/dp/B08B5VSV97?tag=eloabder-20&linkCode=osi&th=1&psc=1"><img src="https://m.media-amazon.com/images/I/51EIcCei5HL._SL500_.jpg" alt="Product Image"></a><p>40 Pack Fungus Gnat Traps for House Indoor Yellow Sticky Traps for Gnats Sticky Traps for Plants, Dual-Sided Fungus Gnat Sticky Traps Fruit Fly Traps for Indoors</p><p>$7.99 ($0.20 / Count)</p><a href="https://www.amazon.com/dp/B08B5VSV97?tag=eloabder-20&linkCode=osi&th=1&psc=1">View Product</a></div><div class="product"><a href="https://www.amazon.com/dp/B000BX1HKI?tag=eloabder-20&linkCode=osi&th=1&psc=1"><img src="https://m.media-amazon.com/images/I/41prxVwQnWL._SL500_.jpg" alt="Product Image"></a><p>Bonide Systemic Houseplant Insect Control, 8 oz Ready-to-Use Granules for Indoors and Outdoors, Protects Plants from Insects</p><p>$9.59</p><a href="https://www.amazon.com/dp/B000BX1HKI?tag=eloabder-20&linkCode=osi&th=1&psc=1">View Product</a></div><div class="product"><a href="https://www.amazon.com/dp/B0042YYVYG?tag=eloabder-20&linkCode=osi&th=1&psc=1"><img src="https://m.media-amazon.com/images/I/41I2Q7llZsL._SL500_.jpg" alt="Product Image"></a><p>Miracle-Gro Water Storing Crystals, Helps Prevent Over and Underwatering in Outdoor and Indoor Plants, 12 oz.</p><p>$12.47 ($1.04 / Ounce)</p><a href="https://www.amazon.com/dp/B0042YYVYG?tag=eloabder-20&linkCode=osi&th=1&psc=1">View Product</a></div>


<div class="product"><a href="https://www.amazon.com/dp/B0BZBTV7FM?tag=eloabder-20&linkCode=osi&th=1&psc=1"><img src="https://m.media-amazon.com/images/I/41rGR7+6sHL._SL500_.jpg" alt="Product Image"></a><p>Fly Fans for Tables, Fly Fan Indoor Outdoor with Holographic Blades, Batteries Powered Fly Fans Outdoor for Picnic, Party, Restaurant, Kitchen, and BBQ, 4 Pack</p><p>$29.99 ($7.50 / Count)</p><a href="https://www.amazon.com/dp/B0BZBTV7FM?tag=eloabder-20&linkCode=osi&th=1&psc=1">View Product</a></div>
<div class="product"><a href="https://www.amazon.com/dp/B01N6706BP?tag=eloabder-20&linkCode=osi&th=1&psc=1"><img src="https://m.media-amazon.com/images/I/51RI47QQRVL._SL500_.jpg" alt="Product Image"></a><p>Gardzen 3-Pack 72 Gallons Garden Bag - Reuseable Heavy Duty Gardening Bags, Lawn Pool Garden Leaf Waste Bag</p><p>$22.99 ($7.66 / Count)</p><a href="https://www.amazon.com/dp/B01N6706BP?tag=eloabder-20&linkCode=osi&th=1&psc=1">View Product</a></div><div class="product"><a href="https://www.amazon.com/dp/B07BR52P26?tag=eloabder-20&linkCode=osi&th=1&psc=1"><img src="https://m.media-amazon.com/images/I/41TsWY51fbL._SL500_.jpg" alt="Product Image"></a><p>SONKIR Soil pH Meter, MS02 3-in-1 Soil Moisture/Light/pH Tester Gardening Tool Kits for Plant Care, Great for Garden, Lawn, Farm, Indoor & Outdoor Use (Green)</p><p>$9.99</p><a href="https://www.amazon.com/dp/B07BR52P26?tag=eloabder-20&linkCode=osi&th=1&psc=1">View Product</a></div>
<div class="product"><a href="https://www.amazon.com/dp/B09S7YL4QV?tag=eloabder-20&linkCode=osi&th=1&psc=1"><img src="https://m.media-amazon.com/images/I/51eFJ8Uv1xL._SL500_.jpg" alt="Product Image"></a><p>Burpee SuperSeed Seed Starting Tray | 36 Cell Reusable Seed Starter Tray | for Starting Vegetable, Flower & Herb Seeds | Indoor Grow Kit for Plant Seedlings | for Germination Success</p><p>$11.97</p><a href="https://www.amazon.com/dp/B09S7YL4QV?tag=eloabder-20&linkCode=osi&th=1&psc=1">View Product</a></div><div class="product"><a href="https://www.amazon.com/dp/B01MU394JM?tag=eloabder-20&linkCode=osi&th=1&psc=1"><img src="https://m.media-amazon.com/images/I/517TE2AFBZL._SL500_.jpg" alt="Product Image"></a><p>Miracle-Gro Shake 'N Feed Tomato, Fruit & Vegetable Plant Food, 1 lb.</p><p>$8.08 ($0.50 / Ounce)</p><a href="https://www.amazon.com/dp/B01MU394JM?tag=eloabder-20&linkCode=osi&th=1&psc=1">View Product</a></div>
<div class="product"><a href="https://www.amazon.com/dp/B09SV8J649?tag=eloabder-20&linkCode=osi&th=1&psc=1"><img src="https://m.media-amazon.com/images/I/51G3IdGm9mL._SL500_.jpg" alt="Product Image"></a><p>Miracle-Gro Women's Nitrile Coated Grip Floral Pattern Gardening Work Gloves, Extreme Comfort, Excellent Grip, Water Resistant, Pink/Purple, Small, (MG37126/WSM)</p><p>$5.99</p><a href="https://www.amazon.com/dp/B09SV8J649?tag=eloabder-20&linkCode=osi&th=1&psc=1">View Product</a></div><div class="product"><a href="https://www.amazon.com/dp/B0BHZXPXW9?tag=eloabder-20&linkCode=osi&th=1&psc=1"><img src="https://m.media-amazon.com/images/I/51gioz5VnSL._SL500_.jpg" alt="Product Image"></a><p>MSUPSAV Gardening Gloves for Gardening,Synthetic Leather Garden Gloves,Work Gloves with Touch Screen,Best Gifts for Women,Green, Medium</p><p>$11.99</p><a href="https://www.amazon.com/dp/B0BHZXPXW9?tag=eloabder-20&linkCode=osi&th=1&psc=1">View Product</a></div><div class="product"><a href="https://www.amazon.com/dp/B0B5RFV1BK?tag=eloabder-20&linkCode=osi&th=1&psc=1"><img src="https://m.media-amazon.com/images/I/51bX+IeFx+L._SL500_.jpg" alt="Product Image"></a><p>MSUPSAV Genuine Leather Gardening Gloves,Thornproof & Puncture Resistant Garden Gloves,Gardening Gloves for Women,Long Garden Gloves,Rose Gloves,Garden Gifts(Small, Tuilp)</p><p>$15.99</p><a href="https://www.amazon.com/dp/B0B5RFV1BK?tag=eloabder-20&linkCode=osi&th=1&psc=1">View Product</a></div>
<div class="product"><a href="https://www.amazon.com/dp/B0D149L1VC?tag=eloabder-20&linkCode=osi&th=1&psc=1"><img src="https://m.media-amazon.com/images/I/41RVIeji+QL._SL500_.jpg" alt="Product Image"></a><p>HLDD HANDLANDY Gardening Gloves Long Sleeve for Women and Men Leather Garden Gloves for Yard & Outdoor Work, Golden Yellow, XL</p><p>$15.98</p><a href="https://www.amazon.com/dp/B0D149L1VC?tag=eloabder-20&linkCode=osi&th=1&psc=1">View Product</a></div>























































<div class="product"><a href="https://www.amazon.com/dp/B0071E1YJO?tag=eloabder-20&linkCode=osi&th=1&psc=1"><img src="https://m.media-amazon.com/images/I/41uUMfglltL._SL500_.jpg" alt="Product Image"></a><p>Miracle-Gro Leaf Shine, 8-Ounce Green</p><p>$8.48 ($1.06 / Fl Oz)</p><a href="https://www.amazon.com/dp/B0071E1YJO?tag=eloabder-20&linkCode=osi&th=1&psc=1">View Product</a></div><div class="product"><a href="https://www.amazon.com/dp/B08B5VSV97?tag=eloabder-20&linkCode=osi&th=1&psc=1"><img src="https://m.media-amazon.com/images/I/51EIcCei5HL._SL500_.jpg" alt="Product Image"></a><p>40 Pack Fungus Gnat Traps for House Indoor Yellow Sticky Traps for Gnats Sticky Traps for Plants, Dual-Sided Fungus Gnat Sticky Traps Fruit Fly Traps for Indoors</p><p>$7.99 ($0.20 / Count)</p><a href="https://www.amazon.com/dp/B08B5VSV97?tag=eloabder-20&linkCode=osi&th=1&psc=1">View Product</a></div><div class="product"><a href="https://www.amazon.com/dp/B000BX1HKI?tag=eloabder-20&linkCode=osi&th=1&psc=1"><img src="https://m.media-amazon.com/images/I/41prxVwQnWL._SL500_.jpg" alt="Product Image"></a><p>Bonide Systemic Houseplant Insect Control, 8 oz Ready-to-Use Granules for Indoors and Outdoors, Protects Plants from Insects</p><p>$9.59</p><a href="https://www.amazon.com/dp/B000BX1HKI?tag=eloabder-20&linkCode=osi&th=1&psc=1">View Product</a></div><div class="product"><a href="https://www.amazon.com/dp/B0042YYVYG?tag=eloabder-20&linkCode=osi&th=1&psc=1"><img src="https://m.media-amazon.com/images/I/41I2Q7llZsL._SL500_.jpg" alt="Product Image"></a><p>Miracle-Gro Water Storing Crystals, Helps Prevent Over and Underwatering in Outdoor and Indoor Plants, 12 oz.</p><p>$12.47 ($1.04 / Ounce)</p><a href="https://www.amazon.com/dp/B0042YYVYG?tag=eloabder-20&linkCode=osi&th=1&psc=1">View Product</a></div>



<div class="product"><a href="https://www.amazon.com/dp/B0BZBTV7FM?tag=eloabder-20&linkCode=osi&th=1&psc=1"><img src="https://m.media-amazon.com/images/I/41rGR7+6sHL._SL500_.jpg" alt="Product Image"></a><p>Fly Fans for Tables, Fly Fan Indoor Outdoor with Holographic Blades, Batteries Powered Fly Fans Outdoor for Picnic, Party, Restaurant, Kitchen, and BBQ, 4 Pack</p><p>$29.99 ($7.50 / Count)</p><a href="https://www.amazon.com/dp/B0BZBTV7FM?tag=eloabder-20&linkCode=osi&th=1&psc=1">View Product</a></div>
<div class="product"><a href="https://www.amazon.com/dp/B01N6706BP?tag=eloabder-20&linkCode=osi&th=1&psc=1"><img src="https://m.media-amazon.com/images/I/51RI47QQRVL._SL500_.jpg" alt="Product Image"></a><p>Gardzen 3-Pack 72 Gallons Garden Bag - Reuseable Heavy Duty Gardening Bags, Lawn Pool Garden Leaf Waste Bag</p><p>$22.99 ($7.66 / Count)</p><a href="https://www.amazon.com/dp/B01N6706BP?tag=eloabder-20&linkCode=osi&th=1&psc=1">View Product</a></div><div class="product"><a href="https://www.amazon.com/dp/B07BR52P26?tag=eloabder-20&linkCode=osi&th=1&psc=1"><img src="https://m.media-amazon.com/images/I/41TsWY51fbL._SL500_.jpg" alt="Product Image"></a><p>SONKIR Soil pH Meter, MS02 3-in-1 Soil Moisture/Light/pH Tester Gardening Tool Kits for Plant Care, Great for Garden, Lawn, Farm, Indoor & Outdoor Use (Green)</p><p>$9.99</p><a href="https://www.amazon.com/dp/B07BR52P26?tag=eloabder-20&linkCode=osi&th=1&psc=1">View Product</a></div>
<div class="product"><a href="https://www.amazon.com/dp/B09S7YL4QV?tag=eloabder-20&linkCode=osi&th=1&psc=1"><img src="https://m.media-amazon.com/images/I/51eFJ8Uv1xL._SL500_.jpg" alt="Product Image"></a><p>Burpee SuperSeed Seed Starting Tray | 36 Cell Reusable Seed Starter Tray | for Starting Vegetable, Flower & Herb Seeds | Indoor Grow Kit for Plant Seedlings | for Germination Success</p><p>$11.97</p><a href="https://www.amazon.com/dp/B09S7YL4QV?tag=eloabder-20&linkCode=osi&th=1&psc=1">View Product</a></div><div class="product"><a href="https://www.amazon.com/dp/B01MU394JM?tag=eloabder-20&linkCode=osi&th=1&psc=1"><img src="https://m.media-amazon.com/images/I/517TE2AFBZL._SL500_.jpg" alt="Product Image"></a><p>Miracle-Gro Shake 'N Feed Tomato, Fruit & Vegetable Plant Food, 1 lb.</p><p>$8.08 ($0.50 / Ounce)</p><a href="https://www.amazon.com/dp/B01MU394JM?tag=eloabder-20&linkCode=osi&th=1&psc=1">View Product</a></div>
<div class="product"><a href="https://www.amazon.com/dp/B09SV8J649?tag=eloabder-20&linkCode=osi&th=1&psc=1"><img src="https://m.media-amazon.com/images/I/51G3IdGm9mL._SL500_.jpg" alt="Product Image"></a><p>Miracle-Gro Women's Nitrile Coated Grip Floral Pattern Gardening Work Gloves, Extreme Comfort, Excellent Grip, Water Resistant, Pink/Purple, Small, (MG37126/WSM)</p><p>$5.99</p><a href="https://www.amazon.com/dp/B09SV8J649?tag=eloabder-20&linkCode=osi&th=1&psc=1">View Product</a></div><div class="product"><a href="https://www.amazon.com/dp/B0BHZXPXW9?tag=eloabder-20&linkCode=osi&th=1&psc=1"><img src="https://m.media-amazon.com/images/I/51gioz5VnSL._SL500_.jpg" alt="Product Image"></a><p>MSUPSAV Gardening Gloves for Gardening,Synthetic Leather Garden Gloves,Work Gloves with Touch Screen,Best Gifts for Women,Green, Medium</p><p>$11.99</p><a href="https://www.amazon.com/dp/B0BHZXPXW9?tag=eloabder-20&linkCode=osi&th=1&psc=1">View Product</a></div><div class="product"><a href="https://www.amazon.com/dp/B0B5RFV1BK?tag=eloabder-20&linkCode=osi&th=1&psc=1"><img src="https://m.media-amazon.com/images/I/51bX+IeFx+L._SL500_.jpg" alt="Product Image"></a><p>MSUPSAV Genuine Leather Gardening Gloves,Thornproof & Puncture Resistant Garden Gloves,Gardening Gloves for Women,Long Garden Gloves,Rose Gloves,Garden Gifts(Small, Tuilp)</p><p>$15.99</p><a href="https://www.amazon.com/dp/B0B5RFV1BK?tag=eloabder-20&linkCode=osi&th=1&psc=1">View Product</a></div>
<div class="product"><a href="https://www.amazon.com/dp/B0D149L1VC?tag=eloabder-20&linkCode=osi&th=1&psc=1"><img src="https://m.media-amazon.com/images/I/41RVIeji+QL._SL500_.jpg" alt="Product Image"></a><p>HLDD HANDLANDY Gardening Gloves Long Sleeve for Women and Men Leather Garden Gloves for Yard & Outdoor Work, Golden Yellow, XL</p><p>$15.98</p><a href="https://www.amazon.com/dp/B0D149L1VC?tag=eloabder-20&linkCode=osi&th=1&psc=1">View Product</a></div>























































<div class="product"><a href="https://www.amazon.com/dp/B0071E1YJO?tag=eloabder-20&linkCode=osi&th=1&psc=1"><img src="https://m.media-amazon.com/images/I/41uUMfglltL._SL500_.jpg" alt="Product Image"></a><p>Miracle-Gro Leaf Shine, 8-Ounce Green</p><p>$8.48 ($1.06 / Fl Oz)</p><a href="https://www.amazon.com/dp/B0071E1YJO?tag=eloabder-20&linkCode=osi&th=1&psc=1">View Product</a></div><div class="product"><a href="https://www.amazon.com/dp/B08B5VSV97?tag=eloabder-20&linkCode=osi&th=1&psc=1"><img src="https://m.media-amazon.com/images/I/51EIcCei5HL._SL500_.jpg" alt="Product Image"></a><p>40 Pack Fungus Gnat Traps for House Indoor Yellow Sticky Traps for Gnats Sticky Traps for Plants, Dual-Sided Fungus Gnat Sticky Traps Fruit Fly Traps for Indoors</p><p>$7.99 ($0.20 / Count)</p><a href="https://www.amazon.com/dp/B08B5VSV97?tag=eloabder-20&linkCode=osi&th=1&psc=1">View Product</a></div><div class="product"><a href="https://www.amazon.com/dp/B000BX1HKI?tag=eloabder-20&linkCode=osi&th=1&psc=1"><img src="https://m.media-amazon.com/images/I/41prxVwQnWL._SL500_.jpg" alt="Product Image"></a><p>Bonide Systemic Houseplant Insect Control, 8 oz Ready-to-Use Granules for Indoors and Outdoors, Protects Plants from Insects</p><p>$9.59</p><a href="https://www.amazon.com/dp/B000BX1HKI?tag=eloabder-20&linkCode=osi&th=1&psc=1">View Product</a></div><div class="product"><a href="https://www.amazon.com/dp/B0042YYVYG?tag=eloabder-20&linkCode=osi&th=1&psc=1"><img src="https://m.media-amazon.com/images/I/41I2Q7llZsL._SL500_.jpg" alt="Product Image"></a><p>Miracle-Gro Water Storing Crystals, Helps Prevent Over and Underwatering in Outdoor and Indoor Plants, 12 oz.</p><p>$12.47 ($1.04 / Ounce)</p><a href="https://www.amazon.com/dp/B0042YYVYG?tag=eloabder-20&linkCode=osi&th=1&psc=1">View Product</a></div>

<div class="product"><a href="https://www.amazon.com/dp/B01N4GLFK8?tag=eloabder-20&linkCode=osi&th=1&psc=1"><img src="https://m.media-amazon.com/images/I/41fBBp7X+-L._SL500_.jpg" alt="Product Image"></a><p>Miracle-Gro Shake 'N Feed All Purpose Plant Food, 4.5 lbs, Covers up to 180 sq. ft.</p><p>$15.59 ($0.22 / Ounce)</p><a href="https://www.amazon.com/dp/B01N4GLFK8?tag=eloabder-20&linkCode=osi&th=1&psc=1">View Product</a></div><div class="product"><a href="https://www.amazon.com/dp/B0B9ZNJSPM?tag=eloabder-20&linkCode=osi&th=1&psc=1"><img src="https://m.media-amazon.com/images/I/41DukAXydjL._SL500_.jpg" alt="Product Image"></a><p>Southern Ag All Purpose Granular Fertilizer 10-10-10, 5 LB Size: 5 LB</p><p>$19.49 ($0.24 / Ounce)</p><a href="https://www.amazon.com/dp/B0B9ZNJSPM?tag=eloabder-20&linkCode=osi&th=1&psc=1">View Product</a></div><div class="product"><a href="https://www.amazon.com/dp/B000OWF7YI?tag=eloabder-20&linkCode=osi&th=1&psc=1"><img src="https://m.media-amazon.com/images/I/41XbL-vFMOS._SL500_.jpg" alt="Product Image"></a><p>Miracle-Gro Water Soluble All Purpose Plant Food, Fertilizer for Indoor or Outdoor Flowers, Vegetables or Trees, 10 lbs.</p><p>$31.97 ($0.20 / Ounce)</p><a href="https://www.amazon.com/dp/B000OWF7YI?tag=eloabder-20&linkCode=osi&th=1&psc=1">View Product</a></div><div class="product"><a href="https://www.amazon.com/dp/B00GTDGMHC?tag=eloabder-20&linkCode=osi&th=1&psc=1"><img src="https://m.media-amazon.com/images/I/51IUnCYh7WL._SL500_.jpg" alt="Product Image"></a><p>Osmocote Smart-Release Plant Food Plus Outdoor & Indoor, 8 lb.</p><p>$34.99 ($0.27 / Ounce)</p><a href="https://www.amazon.com/dp/B00GTDGMHC?tag=eloabder-20&linkCode=osi&th=1&psc=1">View Product</a></div><div class="product"><a href="https://www.amazon.com/dp/B000RNCKQ2?tag=eloabder-20&linkCode=osi&th=1&psc=1"><img src="https://m.media-amazon.com/images/I/41LZGPjfZqL._SL500_.jpg" alt="Product Image"></a><p>Miracle-Gro Pour & Feed Plant Food, Fertilizer Instantly Feeds Live Plants, For Outdoor & Indoor Plants in Containers, 32 oz.</p><p>$8.59 ($0.27 / Fl Oz)</p><a href="https://www.amazon.com/dp/B000RNCKQ2?tag=eloabder-20&linkCode=osi&th=1&psc=1">View Product</a></div><div class="product"><a href="https://www.amazon.com/dp/B00GTDGWAY?tag=eloabder-20&linkCode=osi&th=1&psc=1"><img src="https://m.media-amazon.com/images/I/41LSzOsNrmL._SL500_.jpg" alt="Product Image"></a><p>Scotts Super Bloom Water Soluble Plant Food, 2 lb - NPK 12-55-6 - Fertilizer for Outdoor Flowers, Fruiting Plants, Containers and Bed Areas - Feeds Plants Instantly</p><p>$13.60 ($0.42 / Ounce)</p><a href="https://www.amazon.com/dp/B00GTDGWAY?tag=eloabder-20&linkCode=osi&th=1&psc=1">View Product</a></div>


<div class="product"><a href="https://www.amazon.com/dp/B0BZBTV7FM?tag=eloabder-20&linkCode=osi&th=1&psc=1"><img src="https://m.media-amazon.com/images/I/41rGR7+6sHL._SL500_.jpg" alt="Product Image"></a><p>Fly Fans for Tables, Fly Fan Indoor Outdoor with Holographic Blades, Batteries Powered Fly Fans Outdoor for Picnic, Party, Restaurant, Kitchen, and BBQ, 4 Pack</p><p>$29.99 ($7.50 / Count)</p><a href="https://www.amazon.com/dp/B0BZBTV7FM?tag=eloabder-20&linkCode=osi&th=1&psc=1">View Product</a></div>
<div class="product"><a href="https://www.amazon.com/dp/B01N6706BP?tag=eloabder-20&linkCode=osi&th=1&psc=1"><img src="https://m.media-amazon.com/images/I/51RI47QQRVL._SL500_.jpg" alt="Product Image"></a><p>Gardzen 3-Pack 72 Gallons Garden Bag - Reuseable Heavy Duty Gardening Bags, Lawn Pool Garden Leaf Waste Bag</p><p>$22.99 ($7.66 / Count)</p><a href="https://www.amazon.com/dp/B01N6706BP?tag=eloabder-20&linkCode=osi&th=1&psc=1">View Product</a></div><div class="product"><a href="https://www.amazon.com/dp/B07BR52P26?tag=eloabder-20&linkCode=osi&th=1&psc=1"><img src="https://m.media-amazon.com/images/I/41TsWY51fbL._SL500_.jpg" alt="Product Image"></a><p>SONKIR Soil pH Meter, MS02 3-in-1 Soil Moisture/Light/pH Tester Gardening Tool Kits for Plant Care, Great for Garden, Lawn, Farm, Indoor & Outdoor Use (Green)</p><p>$9.99</p><a href="https://www.amazon.com/dp/B07BR52P26?tag=eloabder-20&linkCode=osi&th=1&psc=1">View Product</a></div>
<div class="product"><a href="https://www.amazon.com/dp/B09S7YL4QV?tag=eloabder-20&linkCode=osi&th=1&psc=1"><img src="https://m.media-amazon.com/images/I/51eFJ8Uv1xL._SL500_.jpg" alt="Product Image"></a><p>Burpee SuperSeed Seed Starting Tray | 36 Cell Reusable Seed Starter Tray | for Starting Vegetable, Flower & Herb Seeds | Indoor Grow Kit for Plant Seedlings | for Germination Success</p><p>$11.97</p><a href="https://www.amazon.com/dp/B09S7YL4QV?tag=eloabder-20&linkCode=osi&th=1&psc=1">View Product</a></div><div class="product"><a href="https://www.amazon.com/dp/B01MU394JM?tag=eloabder-20&linkCode=osi&th=1&psc=1"><img src="https://m.media-amazon.com/images/I/517TE2AFBZL._SL500_.jpg" alt="Product Image"></a><p>Miracle-Gro Shake 'N Feed Tomato, Fruit & Vegetable Plant Food, 1 lb.</p><p>$8.08 ($0.50 / Ounce)</p><a href="https://www.amazon.com/dp/B01MU394JM?tag=eloabder-20&linkCode=osi&th=1&psc=1">View Product</a></div>
<div class="product"><a href="https://www.amazon.com/dp/B09SV8J649?tag=eloabder-20&linkCode=osi&th=1&psc=1"><img src="https://m.media-amazon.com/images/I/51G3IdGm9mL._SL500_.jpg" alt="Product Image"></a><p>Miracle-Gro Women's Nitrile Coated Grip Floral Pattern Gardening Work Gloves, Extreme Comfort, Excellent Grip, Water Resistant, Pink/Purple, Small, (MG37126/WSM)</p><p>$5.99</p><a href="https://www.amazon.com/dp/B09SV8J649?tag=eloabder-20&linkCode=osi&th=1&psc=1">View Product</a></div><div class="product"><a href="https://www.amazon.com/dp/B0BHZXPXW9?tag=eloabder-20&linkCode=osi&th=1&psc=1"><img src="https://m.media-amazon.com/images/I/51gioz5VnSL._SL500_.jpg" alt="Product Image"></a><p>MSUPSAV Gardening Gloves for Gardening,Synthetic Leather Garden Gloves,Work Gloves with Touch Screen,Best Gifts for Women,Green, Medium</p><p>$11.99</p><a href="https://www.amazon.com/dp/B0BHZXPXW9?tag=eloabder-20&linkCode=osi&th=1&psc=1">View Product</a></div><div class="product"><a href="https://www.amazon.com/dp/B0B5RFV1BK?tag=eloabder-20&linkCode=osi&th=1&psc=1"><img src="https://m.media-amazon.com/images/I/51bX+IeFx+L._SL500_.jpg" alt="Product Image"></a><p>MSUPSAV Genuine Leather Gardening Gloves,Thornproof & Puncture Resistant Garden Gloves,Gardening Gloves for Women,Long Garden Gloves,Rose Gloves,Garden Gifts(Small, Tuilp)</p><p>$15.99</p><a href="https://www.amazon.com/dp/B0B5RFV1BK?tag=eloabder-20&linkCode=osi&th=1&psc=1">View Product</a></div>
<div class="product"><a href="https://www.amazon.com/dp/B0D149L1VC?tag=eloabder-20&linkCode=osi&th=1&psc=1"><img src="https://m.media-amazon.com/images/I/41RVIeji+QL._SL500_.jpg" alt="Product Image"></a><p>HLDD HANDLANDY Gardening Gloves Long Sleeve for Women and Men Leather Garden Gloves for Yard & Outdoor Work, Golden Yellow, XL</p><p>$15.98</p><a href="https://www.amazon.com/dp/B0D149L1VC?tag=eloabder-20&linkCode=osi&th=1&psc=1">View Product</a></div>























































<div class="product"><a href="https://www.amazon.com/dp/B0071E1YJO?tag=eloabder-20&linkCode=osi&th=1&psc=1"><img src="https://m.media-amazon.com/images/I/41uUMfglltL._SL500_.jpg" alt="Product Image"></a><p>Miracle-Gro Leaf Shine, 8-Ounce Green</p><p>$8.48 ($1.06 / Fl Oz)</p><a href="https://www.amazon.com/dp/B0071E1YJO?tag=eloabder-20&linkCode=osi&th=1&psc=1">View Product</a></div><div class="product"><a href="https://www.amazon.com/dp/B08B5VSV97?tag=eloabder-20&linkCode=osi&th=1&psc=1"><img src="https://m.media-amazon.com/images/I/51EIcCei5HL._SL500_.jpg" alt="Product Image"></a><p>40 Pack Fungus Gnat Traps for House Indoor Yellow Sticky Traps for Gnats Sticky Traps for Plants, Dual-Sided Fungus Gnat Sticky Traps Fruit Fly Traps for Indoors</p><p>$7.99 ($0.20 / Count)</p><a href="https://www.amazon.com/dp/B08B5VSV97?tag=eloabder-20&linkCode=osi&th=1&psc=1">View Product</a></div><div class="product"><a href="https://www.amazon.com/dp/B000BX1HKI?tag=eloabder-20&linkCode=osi&th=1&psc=1"><img src="https://m.media-amazon.com/images/I/41prxVwQnWL._SL500_.jpg" alt="Product Image"></a><p>Bonide Systemic Houseplant Insect Control, 8 oz Ready-to-Use Granules for Indoors and Outdoors, Protects Plants from Insects</p><p>$9.59</p><a href="https://www.amazon.com/dp/B000BX1HKI?tag=eloabder-20&linkCode=osi&th=1&psc=1">View Product</a></div><div class="product"><a href="https://www.amazon.com/dp/B0042YYVYG?tag=eloabder-20&linkCode=osi&th=1&psc=1"><img src="https://m.media-amazon.com/images/I/41I2Q7llZsL._SL500_.jpg" alt="Product Image"></a><p>Miracle-Gro Water Storing Crystals, Helps Prevent Over and Underwatering in Outdoor and Indoor Plants, 12 oz.</p><p>$12.47 ($1.04 / Ounce)</p><a href="https://www.amazon.com/dp/B0042YYVYG?tag=eloabder-20&linkCode=osi&th=1&psc=1">View Product</a></div>

<div class="product"><a href="https://www.amazon.com/dp/B01N4GLFK8?tag=eloabder-20&linkCode=osi&th=1&psc=1"><img src="https://m.media-amazon.com/images/I/41fBBp7X+-L._SL500_.jpg" alt="Product Image"></a><p>Miracle-Gro Shake 'N Feed All Purpose Plant Food, 4.5 lbs, Covers up to 180 sq. ft.</p><p>$15.59 ($0.22 / Ounce)</p><a href="https://www.amazon.com/dp/B01N4GLFK8?tag=eloabder-20&linkCode=osi&th=1&psc=1">View Product</a></div><div class="product"><a href="https://www.amazon.com/dp/B0B9ZNJSPM?tag=eloabder-20&linkCode=osi&th=1&psc=1"><img src="https://m.media-amazon.com/images/I/41DukAXydjL._SL500_.jpg" alt="Product Image"></a><p>Southern Ag All Purpose Granular Fertilizer 10-10-10, 5 LB Size: 5 LB</p><p>$19.49 ($0.24 / Ounce)</p><a href="https://www.amazon.com/dp/B0B9ZNJSPM?tag=eloabder-20&linkCode=osi&th=1&psc=1">View Product</a></div><div class="product"><a href="https://www.amazon.com/dp/B000OWF7YI?tag=eloabder-20&linkCode=osi&th=1&psc=1"><img src="https://m.media-amazon.com/images/I/41XbL-vFMOS._SL500_.jpg" alt="Product Image"></a><p>Miracle-Gro Water Soluble All Purpose Plant Food, Fertilizer for Indoor or Outdoor Flowers, Vegetables or Trees, 10 lbs.</p><p>$31.97 ($0.20 / Ounce)</p><a href="https://www.amazon.com/dp/B000OWF7YI?tag=eloabder-20&linkCode=osi&th=1&psc=1">View Product</a></div><div class="product"><a href="https://www.amazon.com/dp/B00GTDGMHC?tag=eloabder-20&linkCode=osi&th=1&psc=1"><img src="https://m.media-amazon.com/images/I/51IUnCYh7WL._SL500_.jpg" alt="Product Image"></a><p>Osmocote Smart-Release Plant Food Plus Outdoor & Indoor, 8 lb.</p><p>$34.99 ($0.27 / Ounce)</p><a href="https://www.amazon.com/dp/B00GTDGMHC?tag=eloabder-20&linkCode=osi&th=1&psc=1">View Product</a></div><div class="product"><a href="https://www.amazon.com/dp/B000RNCKQ2?tag=eloabder-20&linkCode=osi&th=1&psc=1"><img src="https://m.media-amazon.com/images/I/41LZGPjfZqL._SL500_.jpg" alt="Product Image"></a><p>Miracle-Gro Pour & Feed Plant Food, Fertilizer Instantly Feeds Live Plants, For Outdoor & Indoor Plants in Containers, 32 oz.</p><p>$8.59 ($0.27 / Fl Oz)</p><a href="https://www.amazon.com/dp/B000RNCKQ2?tag=eloabder-20&linkCode=osi&th=1&psc=1">View Product</a></div><div class="product"><a href="https://www.amazon.com/dp/B00GTDGWAY?tag=eloabder-20&linkCode=osi&th=1&psc=1"><img src="https://m.media-amazon.com/images/I/41LSzOsNrmL._SL500_.jpg" alt="Product Image"></a><p>Scotts Super Bloom Water Soluble Plant Food, 2 lb - NPK 12-55-6 - Fertilizer for Outdoor Flowers, Fruiting Plants, Containers and Bed Areas - Feeds Plants Instantly</p><p>$13.60 ($0.42 / Ounce)</p><a href="https://www.amazon.com/dp/B00GTDGWAY?tag=eloabder-20&linkCode=osi&th=1&psc=1">View Product</a></div>
<div class="product"><a href="https://www.amazon.com/dp/B0BZJN2R32?tag=eloabder-20&linkCode=osi&th=1&psc=1"><img src="https://m.media-amazon.com/images/I/31VnEDv5y9L._SL500_.jpg" alt="Product Image"></a><p>ENVU - Tempo SC Ultra For Insects - 240ml</p><p>$46.86</p><a href="https://www.amazon.com/dp/B0BZJN2R32?tag=eloabder-20&linkCode=osi&th=1&psc=1">View Product</a></div><div class="product"><a href="https://www.amazon.com/dp/B01N7KSXHX?tag=eloabder-20&linkCode=osi&th=1&psc=1"><img src="https://m.media-amazon.com/images/I/41KRb4CLxyL._SL500_.jpg" alt="Product Image"></a><p>Ortho Home Defense Insect Killer for Indoor & Perimeter2 with Comfort Wand, Controls Ants, Roaches, and Spiders, 1.1 gal., 1 Pack</p><p>$15.99</p><a href="https://www.amazon.com/dp/B01N7KSXHX?tag=eloabder-20&linkCode=osi&th=1&psc=1">View Product</a></div><div class="product"><a href="https://www.amazon.com/dp/B0C1Q39Q9R?tag=eloabder-20&linkCode=osi&th=1&psc=1"><img src="https://m.media-amazon.com/images/I/31JB4VLVutL._SL500_.jpg" alt="Product Image"></a><p>Talak 7.9% Indoor/Outdoor Insect Control - Bifenthrin Concentrate (32 Ounce) by Atticus</p><p>$27.99</p><a href="https://www.amazon.com/dp/B0C1Q39Q9R?tag=eloabder-20&linkCode=osi&th=1&psc=1">View Product</a></div><div class="product"><a href="https://www.amazon.com/dp/B0C83WSDGV?tag=eloabder-20&linkCode=osi&th=1&psc=1"><img src="https://m.media-amazon.com/images/I/41nc5OmDkcL._SL500_.jpg" alt="Product Image"></a><p>Talak 7.9% Indoor/Outdoor Insect Control - Bifenthrin Concentrate (1 GAL) by Atticus</p><p>$56.99</p><a href="https://www.amazon.com/dp/B0C83WSDGV?tag=eloabder-20&linkCode=osi&th=1&psc=1">View Product</a></div><div class="product"><a href="https://www.amazon.com/dp/B00555SR9Q?tag=eloabder-20&linkCode=osi&th=1&psc=1"><img src="https://m.media-amazon.com/images/I/419E9atuhzL._SL500_.jpg" alt="Product Image"></a><p>Syngenta 070294125000 Demon Max Insecticide, Yellowish</p><p>$33.95</p><a href="https://www.amazon.com/dp/B00555SR9Q?tag=eloabder-20&linkCode=osi&th=1&psc=1">View Product</a></div><div class="product"><a href="https://www.amazon.com/dp/B002Y6BC1O?tag=eloabder-20&linkCode=osi&th=1&psc=1"><img src="https://m.media-amazon.com/images/I/41MxLEq25RL._SL500_.jpg" alt="Product Image"></a><p>Syngenta 73654 Demand CS Insecticide, 8oz, Beige</p><p>$39.05</p><a href="https://www.amazon.com/dp/B002Y6BC1O?tag=eloabder-20&linkCode=osi&th=1&psc=1">View Product</a></div><div class="product"><a href="https://www.amazon.com/dp/B0CR1R792Q?tag=eloabder-20&linkCode=osi&th=1&psc=1"><img src="https://m.media-amazon.com/images/I/31XVwzdlQoL._SL500_.jpg" alt="Product Image"></a><p>Tirade Ultra SC Insecticide by Atticus - Compare to The Leading Brand - Beta-Cyfluthrin Pest Control for Indoor and Outdoor Use (240 ML)</p><p>$44.99</p><a href="https://www.amazon.com/dp/B0CR1R792Q?tag=eloabder-20&linkCode=osi&th=1&psc=1">View Product</a></div><div class="product"><a href="https://www.amazon.com/dp/B00FN3P8LU?tag=eloabder-20&linkCode=osi&th=1&psc=1"><img src="https://m.media-amazon.com/images/I/41c9oWdbOpL._SL500_.jpg" alt="Product Image"></a><p>Spectracide Concentrate Triazicide Lawn & Landscapes Insect Killer, 40 oz, Black</p><p>$8.98 ($0.22 / Fl Oz)</p><a href="https://www.amazon.com/dp/B00FN3P8LU?tag=eloabder-20&linkCode=osi&th=1&psc=1">View Product</a></div><div class="product"><a href="https://www.amazon.com/dp/B07RLS91C9?tag=eloabder-20&linkCode=osi&th=1&psc=1"><img src="https://m.media-amazon.com/images/I/41LdMyqibdL._SL500_.jpg" alt="Product Image"></a><p>Bayer 80035225 Polyzone Suspend Pint Insecticide 16_ounce</p><p>$58.49</p><a href="https://www.amazon.com/dp/B07RLS91C9?tag=eloabder-20&linkCode=osi&th=1&psc=1">View Product</a></div>


<div class="product"><a href="https://www.amazon.com/dp/B0BZBTV7FM?tag=eloabder-20&linkCode=osi&th=1&psc=1"><img src="https://m.media-amazon.com/images/I/41rGR7+6sHL._SL500_.jpg" alt="Product Image"></a><p>Fly Fans for Tables, Fly Fan Indoor Outdoor with Holographic Blades, Batteries Powered Fly Fans Outdoor for Picnic, Party, Restaurant, Kitchen, and BBQ, 4 Pack</p><p>$29.99 ($7.50 / Count)</p><a href="https://www.amazon.com/dp/B0BZBTV7FM?tag=eloabder-20&linkCode=osi&th=1&psc=1">View Product</a></div>
<div class="product"><a href="https://www.amazon.com/dp/B01N6706BP?tag=eloabder-20&linkCode=osi&th=1&psc=1"><img src="https://m.media-amazon.com/images/I/51RI47QQRVL._SL500_.jpg" alt="Product Image"></a><p>Gardzen 3-Pack 72 Gallons Garden Bag - Reuseable Heavy Duty Gardening Bags, Lawn Pool Garden Leaf Waste Bag</p><p>$22.99 ($7.66 / Count)</p><a href="https://www.amazon.com/dp/B01N6706BP?tag=eloabder-20&linkCode=osi&th=1&psc=1">View Product</a></div><div class="product"><a href="https://www.amazon.com/dp/B07BR52P26?tag=eloabder-20&linkCode=osi&th=1&psc=1"><img src="https://m.media-amazon.com/images/I/41TsWY51fbL._SL500_.jpg" alt="Product Image"></a><p>SONKIR Soil pH Meter, MS02 3-in-1 Soil Moisture/Light/pH Tester Gardening Tool Kits for Plant Care, Great for Garden, Lawn, Farm, Indoor & Outdoor Use (Green)</p><p>$9.99</p><a href="https://www.amazon.com/dp/B07BR52P26?tag=eloabder-20&linkCode=osi&th=1&psc=1">View Product</a></div>
<div class="product"><a href="https://www.amazon.com/dp/B09S7YL4QV?tag=eloabder-20&linkCode=osi&th=1&psc=1"><img src="https://m.media-amazon.com/images/I/51eFJ8Uv1xL._SL500_.jpg" alt="Product Image"></a><p>Burpee SuperSeed Seed Starting Tray | 36 Cell Reusable Seed Starter Tray | for Starting Vegetable, Flower & Herb Seeds | Indoor Grow Kit for Plant Seedlings | for Germination Success</p><p>$11.97</p><a href="https://www.amazon.com/dp/B09S7YL4QV?tag=eloabder-20&linkCode=osi&th=1&psc=1">View Product</a></div><div class="product"><a href="https://www.amazon.com/dp/B01MU394JM?tag=eloabder-20&linkCode=osi&th=1&psc=1"><img src="https://m.media-amazon.com/images/I/517TE2AFBZL._SL500_.jpg" alt="Product Image"></a><p>Miracle-Gro Shake 'N Feed Tomato, Fruit & Vegetable Plant Food, 1 lb.</p><p>$8.08 ($0.50 / Ounce)</p><a href="https://www.amazon.com/dp/B01MU394JM?tag=eloabder-20&linkCode=osi&th=1&psc=1">View Product</a></div>
<div class="product"><a href="https://www.amazon.com/dp/B09SV8J649?tag=eloabder-20&linkCode=osi&th=1&psc=1"><img src="https://m.media-amazon.com/images/I/51G3IdGm9mL._SL500_.jpg" alt="Product Image"></a><p>Miracle-Gro Women's Nitrile Coated Grip Floral Pattern Gardening Work Gloves, Extreme Comfort, Excellent Grip, Water Resistant, Pink/Purple, Small, (MG37126/WSM)</p><p>$5.99</p><a href="https://www.amazon.com/dp/B09SV8J649?tag=eloabder-20&linkCode=osi&th=1&psc=1">View Product</a></div><div class="product"><a href="https://www.amazon.com/dp/B0BHZXPXW9?tag=eloabder-20&linkCode=osi&th=1&psc=1"><img src="https://m.media-amazon.com/images/I/51gioz5VnSL._SL500_.jpg" alt="Product Image"></a><p>MSUPSAV Gardening Gloves for Gardening,Synthetic Leather Garden Gloves,Work Gloves with Touch Screen,Best Gifts for Women,Green, Medium</p><p>$11.99</p><a href="https://www.amazon.com/dp/B0BHZXPXW9?tag=eloabder-20&linkCode=osi&th=1&psc=1">View Product</a></div><div class="product"><a href="https://www.amazon.com/dp/B0B5RFV1BK?tag=eloabder-20&linkCode=osi&th=1&psc=1"><img src="https://m.media-amazon.com/images/I/51bX+IeFx+L._SL500_.jpg" alt="Product Image"></a><p>MSUPSAV Genuine Leather Gardening Gloves,Thornproof & Puncture Resistant Garden Gloves,Gardening Gloves for Women,Long Garden Gloves,Rose Gloves,Garden Gifts(Small, Tuilp)</p><p>$15.99</p><a href="https://www.amazon.com/dp/B0B5RFV1BK?tag=eloabder-20&linkCode=osi&th=1&psc=1">View Product</a></div>
<div class="product"><a href="https://www.amazon.com/dp/B0D149L1VC?tag=eloabder-20&linkCode=osi&th=1&psc=1"><img src="https://m.media-amazon.com/images/I/41RVIeji+QL._SL500_.jpg" alt="Product Image"></a><p>HLDD HANDLANDY Gardening Gloves Long Sleeve for Women and Men Leather Garden Gloves for Yard & Outdoor Work, Golden Yellow, XL</p><p>$15.98</p><a href="https://www.amazon.com/dp/B0D149L1VC?tag=eloabder-20&linkCode=osi&th=1&psc=1">View Product</a></div>























































<div class="product"><a href="https://www.amazon.com/dp/B0071E1YJO?tag=eloabder-20&linkCode=osi&th=1&psc=1"><img src="https://m.media-amazon.com/images/I/41uUMfglltL._SL500_.jpg" alt="Product Image"></a><p>Miracle-Gro Leaf Shine, 8-Ounce Green</p><p>$8.48 ($1.06 / Fl Oz)</p><a href="https://www.amazon.com/dp/B0071E1YJO?tag=eloabder-20&linkCode=osi&th=1&psc=1">View Product</a></div><div class="product"><a href="https://www.amazon.com/dp/B08B5VSV97?tag=eloabder-20&linkCode=osi&th=1&psc=1"><img src="https://m.media-amazon.com/images/I/51EIcCei5HL._SL500_.jpg" alt="Product Image"></a><p>40 Pack Fungus Gnat Traps for House Indoor Yellow Sticky Traps for Gnats Sticky Traps for Plants, Dual-Sided Fungus Gnat Sticky Traps Fruit Fly Traps for Indoors</p><p>$7.99 ($0.20 / Count)</p><a href="https://www.amazon.com/dp/B08B5VSV97?tag=eloabder-20&linkCode=osi&th=1&psc=1">View Product</a></div><div class="product"><a href="https://www.amazon.com/dp/B000BX1HKI?tag=eloabder-20&linkCode=osi&th=1&psc=1"><img src="https://m.media-amazon.com/images/I/41prxVwQnWL._SL500_.jpg" alt="Product Image"></a><p>Bonide Systemic Houseplant Insect Control, 8 oz Ready-to-Use Granules for Indoors and Outdoors, Protects Plants from Insects</p><p>$9.59</p><a href="https://www.amazon.com/dp/B000BX1HKI?tag=eloabder-20&linkCode=osi&th=1&psc=1">View Product</a></div><div class="product"><a href="https://www.amazon.com/dp/B0042YYVYG?tag=eloabder-20&linkCode=osi&th=1&psc=1"><img src="https://m.media-amazon.com/images/I/41I2Q7llZsL._SL500_.jpg" alt="Product Image"></a><p>Miracle-Gro Water Storing Crystals, Helps Prevent Over and Underwatering in Outdoor and Indoor Plants, 12 oz.</p><p>$12.47 ($1.04 / Ounce)</p><a href="https://www.amazon.com/dp/B0042YYVYG?tag=eloabder-20&linkCode=osi&th=1&psc=1">View Product</a></div>

<div class="product"><a href="https://www.amazon.com/dp/B01N4GLFK8?tag=eloabder-20&linkCode=osi&th=1&psc=1"><img src="https://m.media-amazon.com/images/I/41fBBp7X+-L._SL500_.jpg" alt="Product Image"></a><p>Miracle-Gro Shake 'N Feed All Purpose Plant Food, 4.5 lbs, Covers up to 180 sq. ft.</p><p>$15.59 ($0.22 / Ounce)</p><a href="https://www.amazon.com/dp/B01N4GLFK8?tag=eloabder-20&linkCode=osi&th=1&psc=1">View Product</a></div><div class="product"><a href="https://www.amazon.com/dp/B0B9ZNJSPM?tag=eloabder-20&linkCode=osi&th=1&psc=1"><img src="https://m.media-amazon.com/images/I/41DukAXydjL._SL500_.jpg" alt="Product Image"></a><p>Southern Ag All Purpose Granular Fertilizer 10-10-10, 5 LB Size: 5 LB</p><p>$19.49 ($0.24 / Ounce)</p><a href="https://www.amazon.com/dp/B0B9ZNJSPM?tag=eloabder-20&linkCode=osi&th=1&psc=1">View Product</a></div><div class="product"><a href="https://www.amazon.com/dp/B000OWF7YI?tag=eloabder-20&linkCode=osi&th=1&psc=1"><img src="https://m.media-amazon.com/images/I/41XbL-vFMOS._SL500_.jpg" alt="Product Image"></a><p>Miracle-Gro Water Soluble All Purpose Plant Food, Fertilizer for Indoor or Outdoor Flowers, Vegetables or Trees, 10 lbs.</p><p>$31.97 ($0.20 / Ounce)</p><a href="https://www.amazon.com/dp/B000OWF7YI?tag=eloabder-20&linkCode=osi&th=1&psc=1">View Product</a></div><div class="product"><a href="https://www.amazon.com/dp/B00GTDGMHC?tag=eloabder-20&linkCode=osi&th=1&psc=1"><img src="https://m.media-amazon.com/images/I/51IUnCYh7WL._SL500_.jpg" alt="Product Image"></a><p>Osmocote Smart-Release Plant Food Plus Outdoor & Indoor, 8 lb.</p><p>$34.99 ($0.27 / Ounce)</p><a href="https://www.amazon.com/dp/B00GTDGMHC?tag=eloabder-20&linkCode=osi&th=1&psc=1">View Product</a></div><div class="product"><a href="https://www.amazon.com/dp/B000RNCKQ2?tag=eloabder-20&linkCode=osi&th=1&psc=1"><img src="https://m.media-amazon.com/images/I/41LZGPjfZqL._SL500_.jpg" alt="Product Image"></a><p>Miracle-Gro Pour & Feed Plant Food, Fertilizer Instantly Feeds Live Plants, For Outdoor & Indoor Plants in Containers, 32 oz.</p><p>$8.59 ($0.27 / Fl Oz)</p><a href="https://www.amazon.com/dp/B000RNCKQ2?tag=eloabder-20&linkCode=osi&th=1&psc=1">View Product</a></div><div class="product"><a href="https://www.amazon.com/dp/B00GTDGWAY?tag=eloabder-20&linkCode=osi&th=1&psc=1"><img src="https://m.media-amazon.com/images/I/41LSzOsNrmL._SL500_.jpg" alt="Product Image"></a><p>Scotts Super Bloom Water Soluble Plant Food, 2 lb - NPK 12-55-6 - Fertilizer for Outdoor Flowers, Fruiting Plants, Containers and Bed Areas - Feeds Plants Instantly</p><p>$13.60 ($0.42 / Ounce)</p><a href="https://www.amazon.com/dp/B00GTDGWAY?tag=eloabder-20&linkCode=osi&th=1&psc=1">View Product</a></div>
<div class="product"><a href="https://www.amazon.com/dp/B0BZJN2R32?tag=eloabder-20&linkCode=osi&th=1&psc=1"><img src="https://m.media-amazon.com/images/I/31VnEDv5y9L._SL500_.jpg" alt="Product Image"></a><p>ENVU - Tempo SC Ultra For Insects - 240ml</p><p>$46.86</p><a href="https://www.amazon.com/dp/B0BZJN2R32?tag=eloabder-20&linkCode=osi&th=1&psc=1">View Product</a></div><div class="product"><a href="https://www.amazon.com/dp/B01N7KSXHX?tag=eloabder-20&linkCode=osi&th=1&psc=1"><img src="https://m.media-amazon.com/images/I/41KRb4CLxyL._SL500_.jpg" alt="Product Image"></a><p>Ortho Home Defense Insect Killer for Indoor & Perimeter2 with Comfort Wand, Controls Ants, Roaches, and Spiders, 1.1 gal., 1 Pack</p><p>$15.99</p><a href="https://www.amazon.com/dp/B01N7KSXHX?tag=eloabder-20&linkCode=osi&th=1&psc=1">View Product</a></div><div class="product"><a href="https://www.amazon.com/dp/B0C1Q39Q9R?tag=eloabder-20&linkCode=osi&th=1&psc=1"><img src="https://m.media-amazon.com/images/I/31JB4VLVutL._SL500_.jpg" alt="Product Image"></a><p>Talak 7.9% Indoor/Outdoor Insect Control - Bifenthrin Concentrate (32 Ounce) by Atticus</p><p>$27.99</p><a href="https://www.amazon.com/dp/B0C1Q39Q9R?tag=eloabder-20&linkCode=osi&th=1&psc=1">View Product</a></div><div class="product"><a href="https://www.amazon.com/dp/B0C83WSDGV?tag=eloabder-20&linkCode=osi&th=1&psc=1"><img src="https://m.media-amazon.com/images/I/41nc5OmDkcL._SL500_.jpg" alt="Product Image"></a><p>Talak 7.9% Indoor/Outdoor Insect Control - Bifenthrin Concentrate (1 GAL) by Atticus</p><p>$56.99</p><a href="https://www.amazon.com/dp/B0C83WSDGV?tag=eloabder-20&linkCode=osi&th=1&psc=1">View Product</a></div><div class="product"><a href="https://www.amazon.com/dp/B00555SR9Q?tag=eloabder-20&linkCode=osi&th=1&psc=1"><img src="https://m.media-amazon.com/images/I/419E9atuhzL._SL500_.jpg" alt="Product Image"></a><p>Syngenta 070294125000 Demon Max Insecticide, Yellowish</p><p>$33.95</p><a href="https://www.amazon.com/dp/B00555SR9Q?tag=eloabder-20&linkCode=osi&th=1&psc=1">View Product</a></div><div class="product"><a href="https://www.amazon.com/dp/B002Y6BC1O?tag=eloabder-20&linkCode=osi&th=1&psc=1"><img src="https://m.media-amazon.com/images/I/41MxLEq25RL._SL500_.jpg" alt="Product Image"></a><p>Syngenta 73654 Demand CS Insecticide, 8oz, Beige</p><p>$39.05</p><a href="https://www.amazon.com/dp/B002Y6BC1O?tag=eloabder-20&linkCode=osi&th=1&psc=1">View Product</a></div><div class="product"><a href="https://www.amazon.com/dp/B0CR1R792Q?tag=eloabder-20&linkCode=osi&th=1&psc=1"><img src="https://m.media-amazon.com/images/I/31XVwzdlQoL._SL500_.jpg" alt="Product Image"></a><p>Tirade Ultra SC Insecticide by Atticus - Compare to The Leading Brand - Beta-Cyfluthrin Pest Control for Indoor and Outdoor Use (240 ML)</p><p>$44.99</p><a href="https://www.amazon.com/dp/B0CR1R792Q?tag=eloabder-20&linkCode=osi&th=1&psc=1">View Product</a></div><div class="product"><a href="https://www.amazon.com/dp/B00FN3P8LU?tag=eloabder-20&linkCode=osi&th=1&psc=1"><img src="https://m.media-amazon.com/images/I/41c9oWdbOpL._SL500_.jpg" alt="Product Image"></a><p>Spectracide Concentrate Triazicide Lawn & Landscapes Insect Killer, 40 oz, Black</p><p>$8.98 ($0.22 / Fl Oz)</p><a href="https://www.amazon.com/dp/B00FN3P8LU?tag=eloabder-20&linkCode=osi&th=1&psc=1">View Product</a></div><div class="product"><a href="https://www.amazon.com/dp/B07RLS91C9?tag=eloabder-20&linkCode=osi&th=1&psc=1"><img src="https://m.media-amazon.com/images/I/41LdMyqibdL._SL500_.jpg" alt="Product Image"></a><p>Bayer 80035225 Polyzone Suspend Pint Insecticide 16_ounce</p><p>$58.49</p><a href="https://www.amazon.com/dp/B07RLS91C9?tag=eloabder-20&linkCode=osi&th=1&psc=1">View Product</a></div>
<div class="product"><a href="https://www.amazon.com/dp/B06XGL8R89?tag=eloabder-20&linkCode=osi&th=1&psc=1"><img src="https://m.media-amazon.com/images/I/412LuMRZ5EL._SL500_.jpg" alt="Product Image"></a><p>Trapper Max Glue Traps 12 Glue Boards Trap Mouse Bugs Insects Bed Bugs Spiders Cockroaches Non-Toxic</p><p>$9.25 ($0.77 / Count)</p><a href="https://www.amazon.com/dp/B06XGL8R89?tag=eloabder-20&linkCode=osi&th=1&psc=1">View Product</a></div><div class="product"><a href="https://www.amazon.com/dp/B003ORTFH0?tag=eloabder-20&linkCode=osi&th=1&psc=1"><img src="https://m.media-amazon.com/images/I/31c-Ziw55xL._SL500_.jpg" alt="Product Image"></a><p>Max Catch 72 Pack Professional Strength - Mouse, Rat & Pest Glue Scented Sticky Trap for Rodents and Insects - Ready to Use Indoors - Non Toxic, No Mess, Easy Cleanup Mice Trap by Catchmaster</p><p>$26.99 ($0.37 / Count)</p><a href="https://www.amazon.com/dp/B003ORTFH0?tag=eloabder-20&linkCode=osi&th=1&psc=1">View Product</a></div><div class="product"><a href="https://www.amazon.com/dp/B00LW21RNY?tag=eloabder-20&linkCode=osi&th=1&psc=1"><img src="https://m.media-amazon.com/images/I/4123fr-WvoL._SL500_.jpg" alt="Product Image"></a><p>Catchmaster Spider & Insect Glue Traps 30-Pk (10 Sheets), Adhesive Cockroach Killer Glue Boards, Spider Traps, Cricket Sticky Traps, Indoor Roach Trap for Home, Garage & Shed, Pet Safe Pest Control</p><p>$13.98 ($0.47 / Count)</p><a href="https://www.amazon.com/dp/B00LW21RNY?tag=eloabder-20&linkCode=osi&th=1&psc=1">View Product</a></div><div class="product"><a href="https://www.amazon.com/dp/B005IMZ9K6?tag=eloabder-20&linkCode=osi&th=1&psc=1"><img src="https://m.media-amazon.com/images/I/51puixq5EOL._SL500_.jpg" alt="Product Image"></a><p>Catchmaster Pro Strength Mouse & Insect Glue Boards 60pk Traps Indoor for Home, Adhesive Bug Catcher, Rat & Rodent Sticky Trap, Non Toxic Bulk Pre-Baited Glue Traps, Pet Safe House Pest Control</p><p>$23.05 ($0.38 / Count)</p><a href="https://www.amazon.com/dp/B005IMZ9K6?tag=eloabder-20&linkCode=osi&th=1&psc=1">View Product</a></div><div class="product"><a href="https://www.amazon.com/dp/B07Q697VZK?tag=eloabder-20&linkCode=osi&th=1&psc=1"><img src="https://m.media-amazon.com/images/I/51jPZpEiKAL._SL500_.jpg" alt="Product Image"></a><p>TERRO T3206SR Non-Toxic Indoor Spider, Ant, Cockroach, Centipede, and Crawling Insect Trap - 12 Traps</p><p>$12.62 ($1.05 / Count)</p><a href="https://www.amazon.com/dp/B07Q697VZK?tag=eloabder-20&linkCode=osi&th=1&psc=1">View Product</a></div><div class="product"><a href="https://www.amazon.com/dp/B005IMZ9TC?tag=eloabder-20&linkCode=osi&th=1&psc=1"><img src="https://m.media-amazon.com/images/I/510w06crpTL._SL500_.jpg" alt="Product Image"></a><p>Catchmaster Mouse and Insect Glue Boards, 75-Pack Mouse Traps Indoor for Home, Sticky Pest Control Adhesive for Catching Bugs, Rats & Rodents, Non Toxic Bulk Glue Traps</p><p>$29.98 ($0.40 / Count)</p><a href="https://www.amazon.com/dp/B005IMZ9TC?tag=eloabder-20&linkCode=osi&th=1&psc=1">View Product</a></div><div class="product"><a href="https://www.amazon.com/dp/B00CQ561GY?tag=eloabder-20&linkCode=osi&th=1&psc=1"><img src="https://m.media-amazon.com/images/I/517JUYwBTML._SL500_.jpg" alt="Product Image"></a><p>Catchmaster Killer Pest Control Heavy Duty Glue Trap. Non Toxic Sticky Trap Captures Pests. Ready to Use Packs. Easy to Deploy & Place. (12 Traps, Insect Trap)</p><p>$8.87 ($0.74 / Count)</p><a href="https://www.amazon.com/dp/B00CQ561GY?tag=eloabder-20&linkCode=osi&th=1&psc=1">View Product</a></div><div class="product"><a href="https://www.amazon.com/dp/B083FJZC3M?tag=eloabder-20&linkCode=osi&th=1&psc=1"><img src="https://m.media-amazon.com/images/I/51JWsuE-m+L._SL500_.jpg" alt="Product Image"></a><p>S&T INC. Insect Traps, Brown Recluse, Hobo Spiders, Black Widows, White, 30 Count</p><p>$11.99 ($0.40 / Count)</p><a href="https://www.amazon.com/dp/B083FJZC3M?tag=eloabder-20&linkCode=osi&th=1&psc=1">View Product</a></div><div class="product"><a href="https://www.amazon.com/dp/B00CEEDFS4?tag=eloabder-20&linkCode=osi&th=1&psc=1"><img src="https://m.media-amazon.com/images/I/418YR7Th0dL._SL500_.jpg" alt="Product Image"></a><p>Catchmaster Rat & Mouse Glue Traps 6Pk, Large Bulk Traps, Indoor for Home, Pre-Scented Adhesive Plastic Tray Inside House, Snake, Mice, Spider Pet Safe Pest Control</p><p>$14.38 ($2.40 / Count)</p><a href="https://www.amazon.com/dp/B00CEEDFS4?tag=eloabder-20&linkCode=osi&th=1&psc=1">View Product</a></div><div class="product"><a href="https://www.amazon.com/dp/B0BBRDPFF4?tag=eloabder-20&linkCode=osi&th=1&psc=1"><img src="https://m.media-amazon.com/images/I/61FVxhCy9WL._SL500_.jpg" alt="Product Image"></a><p>Roach Traps Indoor Sticky (18 Pack) - Glue Traps for Roaches Bug Traps with Roach Bait Traps - Long Lasting Non-Toxic Children and Pet Friendly - Trap a Pest</p><p>$9.88 ($0.55 / Count)</p><a href="https://www.amazon.com/dp/B0BBRDPFF4?tag=eloabder-20&linkCode=osi&th=1&psc=1">View Product</a></div>


<div class="product"><a href="https://www.amazon.com/dp/B0BZBTV7FM?tag=eloabder-20&linkCode=osi&th=1&psc=1"><img src="https://m.media-amazon.com/images/I/41rGR7+6sHL._SL500_.jpg" alt="Product Image"></a><p>Fly Fans for Tables, Fly Fan Indoor Outdoor with Holographic Blades, Batteries Powered Fly Fans Outdoor for Picnic, Party, Restaurant, Kitchen, and BBQ, 4 Pack</p><p>$29.99 ($7.50 / Count)</p><a href="https://www.amazon.com/dp/B0BZBTV7FM?tag=eloabder-20&linkCode=osi&th=1&psc=1">View Product</a></div>
<div class="product"><a href="https://www.amazon.com/dp/B01N6706BP?tag=eloabder-20&linkCode=osi&th=1&psc=1"><img src="https://m.media-amazon.com/images/I/51RI47QQRVL._SL500_.jpg" alt="Product Image"></a><p>Gardzen 3-Pack 72 Gallons Garden Bag - Reuseable Heavy Duty Gardening Bags, Lawn Pool Garden Leaf Waste Bag</p><p>$22.99 ($7.66 / Count)</p><a href="https://www.amazon.com/dp/B01N6706BP?tag=eloabder-20&linkCode=osi&th=1&psc=1">View Product</a></div><div class="product"><a href="https://www.amazon.com/dp/B07BR52P26?tag=eloabder-20&linkCode=osi&th=1&psc=1"><img src="https://m.media-amazon.com/images/I/41TsWY51fbL._SL500_.jpg" alt="Product Image"></a><p>SONKIR Soil pH Meter, MS02 3-in-1 Soil Moisture/Light/pH Tester Gardening Tool Kits for Plant Care, Great for Garden, Lawn, Farm, Indoor & Outdoor Use (Green)</p><p>$9.99</p><a href="https://www.amazon.com/dp/B07BR52P26?tag=eloabder-20&linkCode=osi&th=1&psc=1">View Product</a></div>
<div class="product"><a href="https://www.amazon.com/dp/B09S7YL4QV?tag=eloabder-20&linkCode=osi&th=1&psc=1"><img src="https://m.media-amazon.com/images/I/51eFJ8Uv1xL._SL500_.jpg" alt="Product Image"></a><p>Burpee SuperSeed Seed Starting Tray | 36 Cell Reusable Seed Starter Tray | for Starting Vegetable, Flower & Herb Seeds | Indoor Grow Kit for Plant Seedlings | for Germination Success</p><p>$11.97</p><a href="https://www.amazon.com/dp/B09S7YL4QV?tag=eloabder-20&linkCode=osi&th=1&psc=1">View Product</a></div><div class="product"><a href="https://www.amazon.com/dp/B01MU394JM?tag=eloabder-20&linkCode=osi&th=1&psc=1"><img src="https://m.media-amazon.com/images/I/517TE2AFBZL._SL500_.jpg" alt="Product Image"></a><p>Miracle-Gro Shake 'N Feed Tomato, Fruit & Vegetable Plant Food, 1 lb.</p><p>$8.08 ($0.50 / Ounce)</p><a href="https://www.amazon.com/dp/B01MU394JM?tag=eloabder-20&linkCode=osi&th=1&psc=1">View Product</a></div>
<div class="product"><a href="https://www.amazon.com/dp/B09SV8J649?tag=eloabder-20&linkCode=osi&th=1&psc=1"><img src="https://m.media-amazon.com/images/I/51G3IdGm9mL._SL500_.jpg" alt="Product Image"></a><p>Miracle-Gro Women's Nitrile Coated Grip Floral Pattern Gardening Work Gloves, Extreme Comfort, Excellent Grip, Water Resistant, Pink/Purple, Small, (MG37126/WSM)</p><p>$5.99</p><a href="https://www.amazon.com/dp/B09SV8J649?tag=eloabder-20&linkCode=osi&th=1&psc=1">View Product</a></div><div class="product"><a href="https://www.amazon.com/dp/B0BHZXPXW9?tag=eloabder-20&linkCode=osi&th=1&psc=1"><img src="https://m.media-amazon.com/images/I/51gioz5VnSL._SL500_.jpg" alt="Product Image"></a><p>MSUPSAV Gardening Gloves for Gardening,Synthetic Leather Garden Gloves,Work Gloves with Touch Screen,Best Gifts for Women,Green, Medium</p><p>$11.99</p><a href="https://www.amazon.com/dp/B0BHZXPXW9?tag=eloabder-20&linkCode=osi&th=1&psc=1">View Product</a></div><div class="product"><a href="https://www.amazon.com/dp/B0B5RFV1BK?tag=eloabder-20&linkCode=osi&th=1&psc=1"><img src="https://m.media-amazon.com/images/I/51bX+IeFx+L._SL500_.jpg" alt="Product Image"></a><p>MSUPSAV Genuine Leather Gardening Gloves,Thornproof & Puncture Resistant Garden Gloves,Gardening Gloves for Women,Long Garden Gloves,Rose Gloves,Garden Gifts(Small, Tuilp)</p><p>$15.99</p><a href="https://www.amazon.com/dp/B0B5RFV1BK?tag=eloabder-20&linkCode=osi&th=1&psc=1">View Product</a></div>
<div class="product"><a href="https://www.amazon.com/dp/B0D149L1VC?tag=eloabder-20&linkCode=osi&th=1&psc=1"><img src="https://m.media-amazon.com/images/I/41RVIeji+QL._SL500_.jpg" alt="Product Image"></a><p>HLDD HANDLANDY Gardening Gloves Long Sleeve for Women and Men Leather Garden Gloves for Yard & Outdoor Work, Golden Yellow, XL</p><p>$15.98</p><a href="https://www.amazon.com/dp/B0D149L1VC?tag=eloabder-20&linkCode=osi&th=1&psc=1">View Product</a></div>























































<div class="product"><a href="https://www.amazon.com/dp/B0071E1YJO?tag=eloabder-20&linkCode=osi&th=1&psc=1"><img src="https://m.media-amazon.com/images/I/41uUMfglltL._SL500_.jpg" alt="Product Image"></a><p>Miracle-Gro Leaf Shine, 8-Ounce Green</p><p>$8.48 ($1.06 / Fl Oz)</p><a href="https://www.amazon.com/dp/B0071E1YJO?tag=eloabder-20&linkCode=osi&th=1&psc=1">View Product</a></div><div class="product"><a href="https://www.amazon.com/dp/B08B5VSV97?tag=eloabder-20&linkCode=osi&th=1&psc=1"><img src="https://m.media-amazon.com/images/I/51EIcCei5HL._SL500_.jpg" alt="Product Image"></a><p>40 Pack Fungus Gnat Traps for House Indoor Yellow Sticky Traps for Gnats Sticky Traps for Plants, Dual-Sided Fungus Gnat Sticky Traps Fruit Fly Traps for Indoors</p><p>$7.99 ($0.20 / Count)</p><a href="https://www.amazon.com/dp/B08B5VSV97?tag=eloabder-20&linkCode=osi&th=1&psc=1">View Product</a></div><div class="product"><a href="https://www.amazon.com/dp/B000BX1HKI?tag=eloabder-20&linkCode=osi&th=1&psc=1"><img src="https://m.media-amazon.com/images/I/41prxVwQnWL._SL500_.jpg" alt="Product Image"></a><p>Bonide Systemic Houseplant Insect Control, 8 oz Ready-to-Use Granules for Indoors and Outdoors, Protects Plants from Insects</p><p>$9.59</p><a href="https://www.amazon.com/dp/B000BX1HKI?tag=eloabder-20&linkCode=osi&th=1&psc=1">View Product</a></div><div class="product"><a href="https://www.amazon.com/dp/B0042YYVYG?tag=eloabder-20&linkCode=osi&th=1&psc=1"><img src="https://m.media-amazon.com/images/I/41I2Q7llZsL._SL500_.jpg" alt="Product Image"></a><p>Miracle-Gro Water Storing Crystals, Helps Prevent Over and Underwatering in Outdoor and Indoor Plants, 12 oz.</p><p>$12.47 ($1.04 / Ounce)</p><a href="https://www.amazon.com/dp/B0042YYVYG?tag=eloabder-20&linkCode=osi&th=1&psc=1">View Product</a></div>

<div class="product"><a href="https://www.amazon.com/dp/B01N4GLFK8?tag=eloabder-20&linkCode=osi&th=1&psc=1"><img src="https://m.media-amazon.com/images/I/41fBBp7X+-L._SL500_.jpg" alt="Product Image"></a><p>Miracle-Gro Shake 'N Feed All Purpose Plant Food, 4.5 lbs, Covers up to 180 sq. ft.</p><p>$15.59 ($0.22 / Ounce)</p><a href="https://www.amazon.com/dp/B01N4GLFK8?tag=eloabder-20&linkCode=osi&th=1&psc=1">View Product</a></div><div class="product"><a href="https://www.amazon.com/dp/B0B9ZNJSPM?tag=eloabder-20&linkCode=osi&th=1&psc=1"><img src="https://m.media-amazon.com/images/I/41DukAXydjL._SL500_.jpg" alt="Product Image"></a><p>Southern Ag All Purpose Granular Fertilizer 10-10-10, 5 LB Size: 5 LB</p><p>$19.49 ($0.24 / Ounce)</p><a href="https://www.amazon.com/dp/B0B9ZNJSPM?tag=eloabder-20&linkCode=osi&th=1&psc=1">View Product</a></div><div class="product"><a href="https://www.amazon.com/dp/B000OWF7YI?tag=eloabder-20&linkCode=osi&th=1&psc=1"><img src="https://m.media-amazon.com/images/I/41XbL-vFMOS._SL500_.jpg" alt="Product Image"></a><p>Miracle-Gro Water Soluble All Purpose Plant Food, Fertilizer for Indoor or Outdoor Flowers, Vegetables or Trees, 10 lbs.</p><p>$31.97 ($0.20 / Ounce)</p><a href="https://www.amazon.com/dp/B000OWF7YI?tag=eloabder-20&linkCode=osi&th=1&psc=1">View Product</a></div><div class="product"><a href="https://www.amazon.com/dp/B00GTDGMHC?tag=eloabder-20&linkCode=osi&th=1&psc=1"><img src="https://m.media-amazon.com/images/I/51IUnCYh7WL._SL500_.jpg" alt="Product Image"></a><p>Osmocote Smart-Release Plant Food Plus Outdoor & Indoor, 8 lb.</p><p>$34.99 ($0.27 / Ounce)</p><a href="https://www.amazon.com/dp/B00GTDGMHC?tag=eloabder-20&linkCode=osi&th=1&psc=1">View Product</a></div><div class="product"><a href="https://www.amazon.com/dp/B000RNCKQ2?tag=eloabder-20&linkCode=osi&th=1&psc=1"><img src="https://m.media-amazon.com/images/I/41LZGPjfZqL._SL500_.jpg" alt="Product Image"></a><p>Miracle-Gro Pour & Feed Plant Food, Fertilizer Instantly Feeds Live Plants, For Outdoor & Indoor Plants in Containers, 32 oz.</p><p>$8.59 ($0.27 / Fl Oz)</p><a href="https://www.amazon.com/dp/B000RNCKQ2?tag=eloabder-20&linkCode=osi&th=1&psc=1">View Product</a></div><div class="product"><a href="https://www.amazon.com/dp/B00GTDGWAY?tag=eloabder-20&linkCode=osi&th=1&psc=1"><img src="https://m.media-amazon.com/images/I/41LSzOsNrmL._SL500_.jpg" alt="Product Image"></a><p>Scotts Super Bloom Water Soluble Plant Food, 2 lb - NPK 12-55-6 - Fertilizer for Outdoor Flowers, Fruiting Plants, Containers and Bed Areas - Feeds Plants Instantly</p><p>$13.60 ($0.42 / Ounce)</p><a href="https://www.amazon.com/dp/B00GTDGWAY?tag=eloabder-20&linkCode=osi&th=1&psc=1">View Product</a></div>
<div class="product"><a href="https://www.amazon.com/dp/B0BZJN2R32?tag=eloabder-20&linkCode=osi&th=1&psc=1"><img src="https://m.media-amazon.com/images/I/31VnEDv5y9L._SL500_.jpg" alt="Product Image"></a><p>ENVU - Tempo SC Ultra For Insects - 240ml</p><p>$46.86</p><a href="https://www.amazon.com/dp/B0BZJN2R32?tag=eloabder-20&linkCode=osi&th=1&psc=1">View Product</a></div><div class="product"><a href="https://www.amazon.com/dp/B01N7KSXHX?tag=eloabder-20&linkCode=osi&th=1&psc=1"><img src="https://m.media-amazon.com/images/I/41KRb4CLxyL._SL500_.jpg" alt="Product Image"></a><p>Ortho Home Defense Insect Killer for Indoor & Perimeter2 with Comfort Wand, Controls Ants, Roaches, and Spiders, 1.1 gal., 1 Pack</p><p>$15.99</p><a href="https://www.amazon.com/dp/B01N7KSXHX?tag=eloabder-20&linkCode=osi&th=1&psc=1">View Product</a></div><div class="product"><a href="https://www.amazon.com/dp/B0C1Q39Q9R?tag=eloabder-20&linkCode=osi&th=1&psc=1"><img src="https://m.media-amazon.com/images/I/31JB4VLVutL._SL500_.jpg" alt="Product Image"></a><p>Talak 7.9% Indoor/Outdoor Insect Control - Bifenthrin Concentrate (32 Ounce) by Atticus</p><p>$27.99</p><a href="https://www.amazon.com/dp/B0C1Q39Q9R?tag=eloabder-20&linkCode=osi&th=1&psc=1">View Product</a></div><div class="product"><a href="https://www.amazon.com/dp/B0C83WSDGV?tag=eloabder-20&linkCode=osi&th=1&psc=1"><img src="https://m.media-amazon.com/images/I/41nc5OmDkcL._SL500_.jpg" alt="Product Image"></a><p>Talak 7.9% Indoor/Outdoor Insect Control - Bifenthrin Concentrate (1 GAL) by Atticus</p><p>$56.99</p><a href="https://www.amazon.com/dp/B0C83WSDGV?tag=eloabder-20&linkCode=osi&th=1&psc=1">View Product</a></div><div class="product"><a href="https://www.amazon.com/dp/B00555SR9Q?tag=eloabder-20&linkCode=osi&th=1&psc=1"><img src="https://m.media-amazon.com/images/I/419E9atuhzL._SL500_.jpg" alt="Product Image"></a><p>Syngenta 070294125000 Demon Max Insecticide, Yellowish</p><p>$33.95</p><a href="https://www.amazon.com/dp/B00555SR9Q?tag=eloabder-20&linkCode=osi&th=1&psc=1">View Product</a></div><div class="product"><a href="https://www.amazon.com/dp/B002Y6BC1O?tag=eloabder-20&linkCode=osi&th=1&psc=1"><img src="https://m.media-amazon.com/images/I/41MxLEq25RL._SL500_.jpg" alt="Product Image"></a><p>Syngenta 73654 Demand CS Insecticide, 8oz, Beige</p><p>$39.05</p><a href="https://www.amazon.com/dp/B002Y6BC1O?tag=eloabder-20&linkCode=osi&th=1&psc=1">View Product</a></div><div class="product"><a href="https://www.amazon.com/dp/B0CR1R792Q?tag=eloabder-20&linkCode=osi&th=1&psc=1"><img src="https://m.media-amazon.com/images/I/31XVwzdlQoL._SL500_.jpg" alt="Product Image"></a><p>Tirade Ultra SC Insecticide by Atticus - Compare to The Leading Brand - Beta-Cyfluthrin Pest Control for Indoor and Outdoor Use (240 ML)</p><p>$44.99</p><a href="https://www.amazon.com/dp/B0CR1R792Q?tag=eloabder-20&linkCode=osi&th=1&psc=1">View Product</a></div><div class="product"><a href="https://www.amazon.com/dp/B00FN3P8LU?tag=eloabder-20&linkCode=osi&th=1&psc=1"><img src="https://m.media-amazon.com/images/I/41c9oWdbOpL._SL500_.jpg" alt="Product Image"></a><p>Spectracide Concentrate Triazicide Lawn & Landscapes Insect Killer, 40 oz, Black</p><p>$8.98 ($0.22 / Fl Oz)</p><a href="https://www.amazon.com/dp/B00FN3P8LU?tag=eloabder-20&linkCode=osi&th=1&psc=1">View Product</a></div><div class="product"><a href="https://www.amazon.com/dp/B07RLS91C9?tag=eloabder-20&linkCode=osi&th=1&psc=1"><img src="https://m.media-amazon.com/images/I/41LdMyqibdL._SL500_.jpg" alt="Product Image"></a><p>Bayer 80035225 Polyzone Suspend Pint Insecticide 16_ounce</p><p>$58.49</p><a href="https://www.amazon.com/dp/B07RLS91C9?tag=eloabder-20&linkCode=osi&th=1&psc=1">View Product</a></div>
<div class="product"><a href="https://www.amazon.com/dp/B06XGL8R89?tag=eloabder-20&linkCode=osi&th=1&psc=1"><img src="https://m.media-amazon.com/images/I/412LuMRZ5EL._SL500_.jpg" alt="Product Image"></a><p>Trapper Max Glue Traps 12 Glue Boards Trap Mouse Bugs Insects Bed Bugs Spiders Cockroaches Non-Toxic</p><p>$9.25 ($0.77 / Count)</p><a href="https://www.amazon.com/dp/B06XGL8R89?tag=eloabder-20&linkCode=osi&th=1&psc=1">View Product</a></div><div class="product"><a href="https://www.amazon.com/dp/B003ORTFH0?tag=eloabder-20&linkCode=osi&th=1&psc=1"><img src="https://m.media-amazon.com/images/I/31c-Ziw55xL._SL500_.jpg" alt="Product Image"></a><p>Max Catch 72 Pack Professional Strength - Mouse, Rat & Pest Glue Scented Sticky Trap for Rodents and Insects - Ready to Use Indoors - Non Toxic, No Mess, Easy Cleanup Mice Trap by Catchmaster</p><p>$26.99 ($0.37 / Count)</p><a href="https://www.amazon.com/dp/B003ORTFH0?tag=eloabder-20&linkCode=osi&th=1&psc=1">View Product</a></div><div class="product"><a href="https://www.amazon.com/dp/B00LW21RNY?tag=eloabder-20&linkCode=osi&th=1&psc=1"><img src="https://m.media-amazon.com/images/I/4123fr-WvoL._SL500_.jpg" alt="Product Image"></a><p>Catchmaster Spider & Insect Glue Traps 30-Pk (10 Sheets), Adhesive Cockroach Killer Glue Boards, Spider Traps, Cricket Sticky Traps, Indoor Roach Trap for Home, Garage & Shed, Pet Safe Pest Control</p><p>$13.98 ($0.47 / Count)</p><a href="https://www.amazon.com/dp/B00LW21RNY?tag=eloabder-20&linkCode=osi&th=1&psc=1">View Product</a></div><div class="product"><a href="https://www.amazon.com/dp/B005IMZ9K6?tag=eloabder-20&linkCode=osi&th=1&psc=1"><img src="https://m.media-amazon.com/images/I/51puixq5EOL._SL500_.jpg" alt="Product Image"></a><p>Catchmaster Pro Strength Mouse & Insect Glue Boards 60pk Traps Indoor for Home, Adhesive Bug Catcher, Rat & Rodent Sticky Trap, Non Toxic Bulk Pre-Baited Glue Traps, Pet Safe House Pest Control</p><p>$23.05 ($0.38 / Count)</p><a href="https://www.amazon.com/dp/B005IMZ9K6?tag=eloabder-20&linkCode=osi&th=1&psc=1">View Product</a></div><div class="product"><a href="https://www.amazon.com/dp/B07Q697VZK?tag=eloabder-20&linkCode=osi&th=1&psc=1"><img src="https://m.media-amazon.com/images/I/51jPZpEiKAL._SL500_.jpg" alt="Product Image"></a><p>TERRO T3206SR Non-Toxic Indoor Spider, Ant, Cockroach, Centipede, and Crawling Insect Trap - 12 Traps</p><p>$12.62 ($1.05 / Count)</p><a href="https://www.amazon.com/dp/B07Q697VZK?tag=eloabder-20&linkCode=osi&th=1&psc=1">View Product</a></div><div class="product"><a href="https://www.amazon.com/dp/B005IMZ9TC?tag=eloabder-20&linkCode=osi&th=1&psc=1"><img src="https://m.media-amazon.com/images/I/510w06crpTL._SL500_.jpg" alt="Product Image"></a><p>Catchmaster Mouse and Insect Glue Boards, 75-Pack Mouse Traps Indoor for Home, Sticky Pest Control Adhesive for Catching Bugs, Rats & Rodents, Non Toxic Bulk Glue Traps</p><p>$29.98 ($0.40 / Count)</p><a href="https://www.amazon.com/dp/B005IMZ9TC?tag=eloabder-20&linkCode=osi&th=1&psc=1">View Product</a></div><div class="product"><a href="https://www.amazon.com/dp/B00CQ561GY?tag=eloabder-20&linkCode=osi&th=1&psc=1"><img src="https://m.media-amazon.com/images/I/517JUYwBTML._SL500_.jpg" alt="Product Image"></a><p>Catchmaster Killer Pest Control Heavy Duty Glue Trap. Non Toxic Sticky Trap Captures Pests. Ready to Use Packs. Easy to Deploy & Place. (12 Traps, Insect Trap)</p><p>$8.87 ($0.74 / Count)</p><a href="https://www.amazon.com/dp/B00CQ561GY?tag=eloabder-20&linkCode=osi&th=1&psc=1">View Product</a></div><div class="product"><a href="https://www.amazon.com/dp/B083FJZC3M?tag=eloabder-20&linkCode=osi&th=1&psc=1"><img src="https://m.media-amazon.com/images/I/51JWsuE-m+L._SL500_.jpg" alt="Product Image"></a><p>S&T INC. Insect Traps, Brown Recluse, Hobo Spiders, Black Widows, White, 30 Count</p><p>$11.99 ($0.40 / Count)</p><a href="https://www.amazon.com/dp/B083FJZC3M?tag=eloabder-20&linkCode=osi&th=1&psc=1">View Product</a></div><div class="product"><a href="https://www.amazon.com/dp/B00CEEDFS4?tag=eloabder-20&linkCode=osi&th=1&psc=1"><img src="https://m.media-amazon.com/images/I/418YR7Th0dL._SL500_.jpg" alt="Product Image"></a><p>Catchmaster Rat & Mouse Glue Traps 6Pk, Large Bulk Traps, Indoor for Home, Pre-Scented Adhesive Plastic Tray Inside House, Snake, Mice, Spider Pet Safe Pest Control</p><p>$14.38 ($2.40 / Count)</p><a href="https://www.amazon.com/dp/B00CEEDFS4?tag=eloabder-20&linkCode=osi&th=1&psc=1">View Product</a></div><div class="product"><a href="https://www.amazon.com/dp/B0BBRDPFF4?tag=eloabder-20&linkCode=osi&th=1&psc=1"><img src="https://m.media-amazon.com/images/I/61FVxhCy9WL._SL500_.jpg" alt="Product Image"></a><p>Roach Traps Indoor Sticky (18 Pack) - Glue Traps for Roaches Bug Traps with Roach Bait Traps - Long Lasting Non-Toxic Children and Pet Friendly - Trap a Pest</p><p>$9.88 ($0.55 / Count)</p><a href="https://www.amazon.com/dp/B0BBRDPFF4?tag=eloabder-20&linkCode=osi&th=1&psc=1">View Product</a></div>



<div class="product"><a href="https://www.amazon.com/dp/B0BZBTV7FM?tag=eloabder-20&linkCode=osi&th=1&psc=1"><img src="https://m.media-amazon.com/images/I/41rGR7+6sHL._SL500_.jpg" alt="Product Image"></a><p>Fly Fans for Tables, Fly Fan Indoor Outdoor with Holographic Blades, Batteries Powered Fly Fans Outdoor for Picnic, Party, Restaurant, Kitchen, and BBQ, 4 Pack</p><p>$29.99 ($7.50 / Count)</p><a href="https://www.amazon.com/dp/B0BZBTV7FM?tag=eloabder-20&linkCode=osi&th=1&psc=1">View Product</a></div>
<div class="product"><a href="https://www.amazon.com/dp/B01N6706BP?tag=eloabder-20&linkCode=osi&th=1&psc=1"><img src="https://m.media-amazon.com/images/I/51RI47QQRVL._SL500_.jpg" alt="Product Image"></a><p>Gardzen 3-Pack 72 Gallons Garden Bag - Reuseable Heavy Duty Gardening Bags, Lawn Pool Garden Leaf Waste Bag</p><p>$22.99 ($7.66 / Count)</p><a href="https://www.amazon.com/dp/B01N6706BP?tag=eloabder-20&linkCode=osi&th=1&psc=1">View Product</a></div><div class="product"><a href="https://www.amazon.com/dp/B07BR52P26?tag=eloabder-20&linkCode=osi&th=1&psc=1"><img src="https://m.media-amazon.com/images/I/41TsWY51fbL._SL500_.jpg" alt="Product Image"></a><p>SONKIR Soil pH Meter, MS02 3-in-1 Soil Moisture/Light/pH Tester Gardening Tool Kits for Plant Care, Great for Garden, Lawn, Farm, Indoor & Outdoor Use (Green)</p><p>$9.99</p><a href="https://www.amazon.com/dp/B07BR52P26?tag=eloabder-20&linkCode=osi&th=1&psc=1">View Product</a></div>
<div class="product"><a href="https://www.amazon.com/dp/B09S7YL4QV?tag=eloabder-20&linkCode=osi&th=1&psc=1"><img src="https://m.media-amazon.com/images/I/51eFJ8Uv1xL._SL500_.jpg" alt="Product Image"></a><p>Burpee SuperSeed Seed Starting Tray | 36 Cell Reusable Seed Starter Tray | for Starting Vegetable, Flower & Herb Seeds | Indoor Grow Kit for Plant Seedlings | for Germination Success</p><p>$11.97</p><a href="https://www.amazon.com/dp/B09S7YL4QV?tag=eloabder-20&linkCode=osi&th=1&psc=1">View Product</a></div><div class="product"><a href="https://www.amazon.com/dp/B01MU394JM?tag=eloabder-20&linkCode=osi&th=1&psc=1"><img src="https://m.media-amazon.com/images/I/517TE2AFBZL._SL500_.jpg" alt="Product Image"></a><p>Miracle-Gro Shake 'N Feed Tomato, Fruit & Vegetable Plant Food, 1 lb.</p><p>$8.08 ($0.50 / Ounce)</p><a href="https://www.amazon.com/dp/B01MU394JM?tag=eloabder-20&linkCode=osi&th=1&psc=1">View Product</a></div>
<div class="product"><a href="https://www.amazon.com/dp/B09SV8J649?tag=eloabder-20&linkCode=osi&th=1&psc=1"><img src="https://m.media-amazon.com/images/I/51G3IdGm9mL._SL500_.jpg" alt="Product Image"></a><p>Miracle-Gro Women's Nitrile Coated Grip Floral Pattern Gardening Work Gloves, Extreme Comfort, Excellent Grip, Water Resistant, Pink/Purple, Small, (MG37126/WSM)</p><p>$5.99</p><a href="https://www.amazon.com/dp/B09SV8J649?tag=eloabder-20&linkCode=osi&th=1&psc=1">View Product</a></div><div class="product"><a href="https://www.amazon.com/dp/B0BHZXPXW9?tag=eloabder-20&linkCode=osi&th=1&psc=1"><img src="https://m.media-amazon.com/images/I/51gioz5VnSL._SL500_.jpg" alt="Product Image"></a><p>MSUPSAV Gardening Gloves for Gardening,Synthetic Leather Garden Gloves,Work Gloves with Touch Screen,Best Gifts for Women,Green, Medium</p><p>$11.99</p><a href="https://www.amazon.com/dp/B0BHZXPXW9?tag=eloabder-20&linkCode=osi&th=1&psc=1">View Product</a></div><div class="product"><a href="https://www.amazon.com/dp/B0B5RFV1BK?tag=eloabder-20&linkCode=osi&th=1&psc=1"><img src="https://m.media-amazon.com/images/I/51bX+IeFx+L._SL500_.jpg" alt="Product Image"></a><p>MSUPSAV Genuine Leather Gardening Gloves,Thornproof & Puncture Resistant Garden Gloves,Gardening Gloves for Women,Long Garden Gloves,Rose Gloves,Garden Gifts(Small, Tuilp)</p><p>$15.99</p><a href="https://www.amazon.com/dp/B0B5RFV1BK?tag=eloabder-20&linkCode=osi&th=1&psc=1">View Product</a></div>
<div class="product"><a href="https://www.amazon.com/dp/B0D149L1VC?tag=eloabder-20&linkCode=osi&th=1&psc=1"><img src="https://m.media-amazon.com/images/I/41RVIeji+QL._SL500_.jpg" alt="Product Image"></a><p>HLDD HANDLANDY Gardening Gloves Long Sleeve for Women and Men Leather Garden Gloves for Yard & Outdoor Work, Golden Yellow, XL</p><p>$15.98</p><a href="https://www.amazon.com/dp/B0D149L1VC?tag=eloabder-20&linkCode=osi&th=1&psc=1">View Product</a></div>























































<div class="product"><a href="https://www.amazon.com/dp/B0071E1YJO?tag=eloabder-20&linkCode=osi&th=1&psc=1"><img src="https://m.media-amazon.com/images/I/41uUMfglltL._SL500_.jpg" alt="Product Image"></a><p>Miracle-Gro Leaf Shine, 8-Ounce Green</p><p>$8.48 ($1.06 / Fl Oz)</p><a href="https://www.amazon.com/dp/B0071E1YJO?tag=eloabder-20&linkCode=osi&th=1&psc=1">View Product</a></div><div class="product"><a href="https://www.amazon.com/dp/B08B5VSV97?tag=eloabder-20&linkCode=osi&th=1&psc=1"><img src="https://m.media-amazon.com/images/I/51EIcCei5HL._SL500_.jpg" alt="Product Image"></a><p>40 Pack Fungus Gnat Traps for House Indoor Yellow Sticky Traps for Gnats Sticky Traps for Plants, Dual-Sided Fungus Gnat Sticky Traps Fruit Fly Traps for Indoors</p><p>$7.99 ($0.20 / Count)</p><a href="https://www.amazon.com/dp/B08B5VSV97?tag=eloabder-20&linkCode=osi&th=1&psc=1">View Product</a></div><div class="product"><a href="https://www.amazon.com/dp/B000BX1HKI?tag=eloabder-20&linkCode=osi&th=1&psc=1"><img src="https://m.media-amazon.com/images/I/41prxVwQnWL._SL500_.jpg" alt="Product Image"></a><p>Bonide Systemic Houseplant Insect Control, 8 oz Ready-to-Use Granules for Indoors and Outdoors, Protects Plants from Insects</p><p>$9.59</p><a href="https://www.amazon.com/dp/B000BX1HKI?tag=eloabder-20&linkCode=osi&th=1&psc=1">View Product</a></div><div class="product"><a href="https://www.amazon.com/dp/B0042YYVYG?tag=eloabder-20&linkCode=osi&th=1&psc=1"><img src="https://m.media-amazon.com/images/I/41I2Q7llZsL._SL500_.jpg" alt="Product Image"></a><p>Miracle-Gro Water Storing Crystals, Helps Prevent Over and Underwatering in Outdoor and Indoor Plants, 12 oz.</p><p>$12.47 ($1.04 / Ounce)</p><a href="https://www.amazon.com/dp/B0042YYVYG?tag=eloabder-20&linkCode=osi&th=1&psc=1">View Product</a></div>

<div class="product"><a href="https://www.amazon.com/dp/B01N4GLFK8?tag=eloabder-20&linkCode=osi&th=1&psc=1"><img src="https://m.media-amazon.com/images/I/41fBBp7X+-L._SL500_.jpg" alt="Product Image"></a><p>Miracle-Gro Shake 'N Feed All Purpose Plant Food, 4.5 lbs, Covers up to 180 sq. ft.</p><p>$15.59 ($0.22 / Ounce)</p><a href="https://www.amazon.com/dp/B01N4GLFK8?tag=eloabder-20&linkCode=osi&th=1&psc=1">View Product</a></div><div class="product"><a href="https://www.amazon.com/dp/B0B9ZNJSPM?tag=eloabder-20&linkCode=osi&th=1&psc=1"><img src="https://m.media-amazon.com/images/I/41DukAXydjL._SL500_.jpg" alt="Product Image"></a><p>Southern Ag All Purpose Granular Fertilizer 10-10-10, 5 LB Size: 5 LB</p><p>$19.49 ($0.24 / Ounce)</p><a href="https://www.amazon.com/dp/B0B9ZNJSPM?tag=eloabder-20&linkCode=osi&th=1&psc=1">View Product</a></div><div class="product"><a href="https://www.amazon.com/dp/B000OWF7YI?tag=eloabder-20&linkCode=osi&th=1&psc=1"><img src="https://m.media-amazon.com/images/I/41XbL-vFMOS._SL500_.jpg" alt="Product Image"></a><p>Miracle-Gro Water Soluble All Purpose Plant Food, Fertilizer for Indoor or Outdoor Flowers, Vegetables or Trees, 10 lbs.</p><p>$31.97 ($0.20 / Ounce)</p><a href="https://www.amazon.com/dp/B000OWF7YI?tag=eloabder-20&linkCode=osi&th=1&psc=1">View Product</a></div><div class="product"><a href="https://www.amazon.com/dp/B00GTDGMHC?tag=eloabder-20&linkCode=osi&th=1&psc=1"><img src="https://m.media-amazon.com/images/I/51IUnCYh7WL._SL500_.jpg" alt="Product Image"></a><p>Osmocote Smart-Release Plant Food Plus Outdoor & Indoor, 8 lb.</p><p>$34.99 ($0.27 / Ounce)</p><a href="https://www.amazon.com/dp/B00GTDGMHC?tag=eloabder-20&linkCode=osi&th=1&psc=1">View Product</a></div><div class="product"><a href="https://www.amazon.com/dp/B000RNCKQ2?tag=eloabder-20&linkCode=osi&th=1&psc=1"><img src="https://m.media-amazon.com/images/I/41LZGPjfZqL._SL500_.jpg" alt="Product Image"></a><p>Miracle-Gro Pour & Feed Plant Food, Fertilizer Instantly Feeds Live Plants, For Outdoor & Indoor Plants in Containers, 32 oz.</p><p>$8.59 ($0.27 / Fl Oz)</p><a href="https://www.amazon.com/dp/B000RNCKQ2?tag=eloabder-20&linkCode=osi&th=1&psc=1">View Product</a></div><div class="product"><a href="https://www.amazon.com/dp/B00GTDGWAY?tag=eloabder-20&linkCode=osi&th=1&psc=1"><img src="https://m.media-amazon.com/images/I/41LSzOsNrmL._SL500_.jpg" alt="Product Image"></a><p>Scotts Super Bloom Water Soluble Plant Food, 2 lb - NPK 12-55-6 - Fertilizer for Outdoor Flowers, Fruiting Plants, Containers and Bed Areas - Feeds Plants Instantly</p><p>$13.60 ($0.42 / Ounce)</p><a href="https://www.amazon.com/dp/B00GTDGWAY?tag=eloabder-20&linkCode=osi&th=1&psc=1">View Product</a></div>
<div class="product"><a href="https://www.amazon.com/dp/B0BZJN2R32?tag=eloabder-20&linkCode=osi&th=1&psc=1"><img src="https://m.media-amazon.com/images/I/31VnEDv5y9L._SL500_.jpg" alt="Product Image"></a><p>ENVU - Tempo SC Ultra For Insects - 240ml</p><p>$46.86</p><a href="https://www.amazon.com/dp/B0BZJN2R32?tag=eloabder-20&linkCode=osi&th=1&psc=1">View Product</a></div><div class="product"><a href="https://www.amazon.com/dp/B01N7KSXHX?tag=eloabder-20&linkCode=osi&th=1&psc=1"><img src="https://m.media-amazon.com/images/I/41KRb4CLxyL._SL500_.jpg" alt="Product Image"></a><p>Ortho Home Defense Insect Killer for Indoor & Perimeter2 with Comfort Wand, Controls Ants, Roaches, and Spiders, 1.1 gal., 1 Pack</p><p>$15.99</p><a href="https://www.amazon.com/dp/B01N7KSXHX?tag=eloabder-20&linkCode=osi&th=1&psc=1">View Product</a></div><div class="product"><a href="https://www.amazon.com/dp/B0C1Q39Q9R?tag=eloabder-20&linkCode=osi&th=1&psc=1"><img src="https://m.media-amazon.com/images/I/31JB4VLVutL._SL500_.jpg" alt="Product Image"></a><p>Talak 7.9% Indoor/Outdoor Insect Control - Bifenthrin Concentrate (32 Ounce) by Atticus</p><p>$27.99</p><a href="https://www.amazon.com/dp/B0C1Q39Q9R?tag=eloabder-20&linkCode=osi&th=1&psc=1">View Product</a></div><div class="product"><a href="https://www.amazon.com/dp/B0C83WSDGV?tag=eloabder-20&linkCode=osi&th=1&psc=1"><img src="https://m.media-amazon.com/images/I/41nc5OmDkcL._SL500_.jpg" alt="Product Image"></a><p>Talak 7.9% Indoor/Outdoor Insect Control - Bifenthrin Concentrate (1 GAL) by Atticus</p><p>$56.99</p><a href="https://www.amazon.com/dp/B0C83WSDGV?tag=eloabder-20&linkCode=osi&th=1&psc=1">View Product</a></div><div class="product"><a href="https://www.amazon.com/dp/B00555SR9Q?tag=eloabder-20&linkCode=osi&th=1&psc=1"><img src="https://m.media-amazon.com/images/I/419E9atuhzL._SL500_.jpg" alt="Product Image"></a><p>Syngenta 070294125000 Demon Max Insecticide, Yellowish</p><p>$33.95</p><a href="https://www.amazon.com/dp/B00555SR9Q?tag=eloabder-20&linkCode=osi&th=1&psc=1">View Product</a></div><div class="product"><a href="https://www.amazon.com/dp/B002Y6BC1O?tag=eloabder-20&linkCode=osi&th=1&psc=1"><img src="https://m.media-amazon.com/images/I/41MxLEq25RL._SL500_.jpg" alt="Product Image"></a><p>Syngenta 73654 Demand CS Insecticide, 8oz, Beige</p><p>$39.05</p><a href="https://www.amazon.com/dp/B002Y6BC1O?tag=eloabder-20&linkCode=osi&th=1&psc=1">View Product</a></div><div class="product"><a href="https://www.amazon.com/dp/B0CR1R792Q?tag=eloabder-20&linkCode=osi&th=1&psc=1"><img src="https://m.media-amazon.com/images/I/31XVwzdlQoL._SL500_.jpg" alt="Product Image"></a><p>Tirade Ultra SC Insecticide by Atticus - Compare to The Leading Brand - Beta-Cyfluthrin Pest Control for Indoor and Outdoor Use (240 ML)</p><p>$44.99</p><a href="https://www.amazon.com/dp/B0CR1R792Q?tag=eloabder-20&linkCode=osi&th=1&psc=1">View Product</a></div><div class="product"><a href="https://www.amazon.com/dp/B00FN3P8LU?tag=eloabder-20&linkCode=osi&th=1&psc=1"><img src="https://m.media-amazon.com/images/I/41c9oWdbOpL._SL500_.jpg" alt="Product Image"></a><p>Spectracide Concentrate Triazicide Lawn & Landscapes Insect Killer, 40 oz, Black</p><p>$8.98 ($0.22 / Fl Oz)</p><a href="https://www.amazon.com/dp/B00FN3P8LU?tag=eloabder-20&linkCode=osi&th=1&psc=1">View Product</a></div><div class="product"><a href="https://www.amazon.com/dp/B07RLS91C9?tag=eloabder-20&linkCode=osi&th=1&psc=1"><img src="https://m.media-amazon.com/images/I/41LdMyqibdL._SL500_.jpg" alt="Product Image"></a><p>Bayer 80035225 Polyzone Suspend Pint Insecticide 16_ounce</p><p>$58.49</p><a href="https://www.amazon.com/dp/B07RLS91C9?tag=eloabder-20&linkCode=osi&th=1&psc=1">View Product</a></div>
<div class="product"><a href="https://www.amazon.com/dp/B06XGL8R89?tag=eloabder-20&linkCode=osi&th=1&psc=1"><img src="https://m.media-amazon.com/images/I/412LuMRZ5EL._SL500_.jpg" alt="Product Image"></a><p>Trapper Max Glue Traps 12 Glue Boards Trap Mouse Bugs Insects Bed Bugs Spiders Cockroaches Non-Toxic</p><p>$9.25 ($0.77 / Count)</p><a href="https://www.amazon.com/dp/B06XGL8R89?tag=eloabder-20&linkCode=osi&th=1&psc=1">View Product</a></div><div class="product"><a href="https://www.amazon.com/dp/B003ORTFH0?tag=eloabder-20&linkCode=osi&th=1&psc=1"><img src="https://m.media-amazon.com/images/I/31c-Ziw55xL._SL500_.jpg" alt="Product Image"></a><p>Max Catch 72 Pack Professional Strength - Mouse, Rat & Pest Glue Scented Sticky Trap for Rodents and Insects - Ready to Use Indoors - Non Toxic, No Mess, Easy Cleanup Mice Trap by Catchmaster</p><p>$26.99 ($0.37 / Count)</p><a href="https://www.amazon.com/dp/B003ORTFH0?tag=eloabder-20&linkCode=osi&th=1&psc=1">View Product</a></div><div class="product"><a href="https://www.amazon.com/dp/B00LW21RNY?tag=eloabder-20&linkCode=osi&th=1&psc=1"><img src="https://m.media-amazon.com/images/I/4123fr-WvoL._SL500_.jpg" alt="Product Image"></a><p>Catchmaster Spider & Insect Glue Traps 30-Pk (10 Sheets), Adhesive Cockroach Killer Glue Boards, Spider Traps, Cricket Sticky Traps, Indoor Roach Trap for Home, Garage & Shed, Pet Safe Pest Control</p><p>$13.98 ($0.47 / Count)</p><a href="https://www.amazon.com/dp/B00LW21RNY?tag=eloabder-20&linkCode=osi&th=1&psc=1">View Product</a></div><div class="product"><a href="https://www.amazon.com/dp/B005IMZ9K6?tag=eloabder-20&linkCode=osi&th=1&psc=1"><img src="https://m.media-amazon.com/images/I/51puixq5EOL._SL500_.jpg" alt="Product Image"></a><p>Catchmaster Pro Strength Mouse & Insect Glue Boards 60pk Traps Indoor for Home, Adhesive Bug Catcher, Rat & Rodent Sticky Trap, Non Toxic Bulk Pre-Baited Glue Traps, Pet Safe House Pest Control</p><p>$23.05 ($0.38 / Count)</p><a href="https://www.amazon.com/dp/B005IMZ9K6?tag=eloabder-20&linkCode=osi&th=1&psc=1">View Product</a></div><div class="product"><a href="https://www.amazon.com/dp/B07Q697VZK?tag=eloabder-20&linkCode=osi&th=1&psc=1"><img src="https://m.media-amazon.com/images/I/51jPZpEiKAL._SL500_.jpg" alt="Product Image"></a><p>TERRO T3206SR Non-Toxic Indoor Spider, Ant, Cockroach, Centipede, and Crawling Insect Trap - 12 Traps</p><p>$12.62 ($1.05 / Count)</p><a href="https://www.amazon.com/dp/B07Q697VZK?tag=eloabder-20&linkCode=osi&th=1&psc=1">View Product</a></div><div class="product"><a href="https://www.amazon.com/dp/B005IMZ9TC?tag=eloabder-20&linkCode=osi&th=1&psc=1"><img src="https://m.media-amazon.com/images/I/510w06crpTL._SL500_.jpg" alt="Product Image"></a><p>Catchmaster Mouse and Insect Glue Boards, 75-Pack Mouse Traps Indoor for Home, Sticky Pest Control Adhesive for Catching Bugs, Rats & Rodents, Non Toxic Bulk Glue Traps</p><p>$29.98 ($0.40 / Count)</p><a href="https://www.amazon.com/dp/B005IMZ9TC?tag=eloabder-20&linkCode=osi&th=1&psc=1">View Product</a></div><div class="product"><a href="https://www.amazon.com/dp/B00CQ561GY?tag=eloabder-20&linkCode=osi&th=1&psc=1"><img src="https://m.media-amazon.com/images/I/517JUYwBTML._SL500_.jpg" alt="Product Image"></a><p>Catchmaster Killer Pest Control Heavy Duty Glue Trap. Non Toxic Sticky Trap Captures Pests. Ready to Use Packs. Easy to Deploy & Place. (12 Traps, Insect Trap)</p><p>$8.87 ($0.74 / Count)</p><a href="https://www.amazon.com/dp/B00CQ561GY?tag=eloabder-20&linkCode=osi&th=1&psc=1">View Product</a></div><div class="product"><a href="https://www.amazon.com/dp/B083FJZC3M?tag=eloabder-20&linkCode=osi&th=1&psc=1"><img src="https://m.media-amazon.com/images/I/51JWsuE-m+L._SL500_.jpg" alt="Product Image"></a><p>S&T INC. Insect Traps, Brown Recluse, Hobo Spiders, Black Widows, White, 30 Count</p><p>$11.99 ($0.40 / Count)</p><a href="https://www.amazon.com/dp/B083FJZC3M?tag=eloabder-20&linkCode=osi&th=1&psc=1">View Product</a></div><div class="product"><a href="https://www.amazon.com/dp/B00CEEDFS4?tag=eloabder-20&linkCode=osi&th=1&psc=1"><img src="https://m.media-amazon.com/images/I/418YR7Th0dL._SL500_.jpg" alt="Product Image"></a><p>Catchmaster Rat & Mouse Glue Traps 6Pk, Large Bulk Traps, Indoor for Home, Pre-Scented Adhesive Plastic Tray Inside House, Snake, Mice, Spider Pet Safe Pest Control</p><p>$14.38 ($2.40 / Count)</p><a href="https://www.amazon.com/dp/B00CEEDFS4?tag=eloabder-20&linkCode=osi&th=1&psc=1">View Product</a></div><div class="product"><a href="https://www.amazon.com/dp/B0BBRDPFF4?tag=eloabder-20&linkCode=osi&th=1&psc=1"><img src="https://m.media-amazon.com/images/I/61FVxhCy9WL._SL500_.jpg" alt="Product Image"></a><p>Roach Traps Indoor Sticky (18 Pack) - Glue Traps for Roaches Bug Traps with Roach Bait Traps - Long Lasting Non-Toxic Children and Pet Friendly - Trap a Pest</p><p>$9.88 ($0.55 / Count)</p><a href="https://www.amazon.com/dp/B0BBRDPFF4?tag=eloabder-20&linkCode=osi&th=1&psc=1">View Product</a></div>




<div class="product"><a href="https://www.amazon.com/dp/B0BZBTV7FM?tag=eloabder-20&linkCode=osi&th=1&psc=1"><img src="https://m.media-amazon.com/images/I/41rGR7+6sHL._SL500_.jpg" alt="Product Image"></a><p>Fly Fans for Tables, Fly Fan Indoor Outdoor with Holographic Blades, Batteries Powered Fly Fans Outdoor for Picnic, Party, Restaurant, Kitchen, and BBQ, 4 Pack</p><p>$29.99 ($7.50 / Count)</p><a href="https://www.amazon.com/dp/B0BZBTV7FM?tag=eloabder-20&linkCode=osi&th=1&psc=1">View Product</a></div>
<div class="product"><a href="https://www.amazon.com/dp/B01N6706BP?tag=eloabder-20&linkCode=osi&th=1&psc=1"><img src="https://m.media-amazon.com/images/I/51RI47QQRVL._SL500_.jpg" alt="Product Image"></a><p>Gardzen 3-Pack 72 Gallons Garden Bag - Reuseable Heavy Duty Gardening Bags, Lawn Pool Garden Leaf Waste Bag</p><p>$22.99 ($7.66 / Count)</p><a href="https://www.amazon.com/dp/B01N6706BP?tag=eloabder-20&linkCode=osi&th=1&psc=1">View Product</a></div><div class="product"><a href="https://www.amazon.com/dp/B07BR52P26?tag=eloabder-20&linkCode=osi&th=1&psc=1"><img src="https://m.media-amazon.com/images/I/41TsWY51fbL._SL500_.jpg" alt="Product Image"></a><p>SONKIR Soil pH Meter, MS02 3-in-1 Soil Moisture/Light/pH Tester Gardening Tool Kits for Plant Care, Great for Garden, Lawn, Farm, Indoor & Outdoor Use (Green)</p><p>$9.99</p><a href="https://www.amazon.com/dp/B07BR52P26?tag=eloabder-20&linkCode=osi&th=1&psc=1">View Product</a></div>
<div class="product"><a href="https://www.amazon.com/dp/B09S7YL4QV?tag=eloabder-20&linkCode=osi&th=1&psc=1"><img src="https://m.media-amazon.com/images/I/51eFJ8Uv1xL._SL500_.jpg" alt="Product Image"></a><p>Burpee SuperSeed Seed Starting Tray | 36 Cell Reusable Seed Starter Tray | for Starting Vegetable, Flower & Herb Seeds | Indoor Grow Kit for Plant Seedlings | for Germination Success</p><p>$11.97</p><a href="https://www.amazon.com/dp/B09S7YL4QV?tag=eloabder-20&linkCode=osi&th=1&psc=1">View Product</a></div><div class="product"><a href="https://www.amazon.com/dp/B01MU394JM?tag=eloabder-20&linkCode=osi&th=1&psc=1"><img src="https://m.media-amazon.com/images/I/517TE2AFBZL._SL500_.jpg" alt="Product Image"></a><p>Miracle-Gro Shake 'N Feed Tomato, Fruit & Vegetable Plant Food, 1 lb.</p><p>$8.08 ($0.50 / Ounce)</p><a href="https://www.amazon.com/dp/B01MU394JM?tag=eloabder-20&linkCode=osi&th=1&psc=1">View Product</a></div>
<div class="product"><a href="https://www.amazon.com/dp/B09SV8J649?tag=eloabder-20&linkCode=osi&th=1&psc=1"><img src="https://m.media-amazon.com/images/I/51G3IdGm9mL._SL500_.jpg" alt="Product Image"></a><p>Miracle-Gro Women's Nitrile Coated Grip Floral Pattern Gardening Work Gloves, Extreme Comfort, Excellent Grip, Water Resistant, Pink/Purple, Small, (MG37126/WSM)</p><p>$5.99</p><a href="https://www.amazon.com/dp/B09SV8J649?tag=eloabder-20&linkCode=osi&th=1&psc=1">View Product</a></div><div class="product"><a href="https://www.amazon.com/dp/B0BHZXPXW9?tag=eloabder-20&linkCode=osi&th=1&psc=1"><img src="https://m.media-amazon.com/images/I/51gioz5VnSL._SL500_.jpg" alt="Product Image"></a><p>MSUPSAV Gardening Gloves for Gardening,Synthetic Leather Garden Gloves,Work Gloves with Touch Screen,Best Gifts for Women,Green, Medium</p><p>$11.99</p><a href="https://www.amazon.com/dp/B0BHZXPXW9?tag=eloabder-20&linkCode=osi&th=1&psc=1">View Product</a></div><div class="product"><a href="https://www.amazon.com/dp/B0B5RFV1BK?tag=eloabder-20&linkCode=osi&th=1&psc=1"><img src="https://m.media-amazon.com/images/I/51bX+IeFx+L._SL500_.jpg" alt="Product Image"></a><p>MSUPSAV Genuine Leather Gardening Gloves,Thornproof & Puncture Resistant Garden Gloves,Gardening Gloves for Women,Long Garden Gloves,Rose Gloves,Garden Gifts(Small, Tuilp)</p><p>$15.99</p><a href="https://www.amazon.com/dp/B0B5RFV1BK?tag=eloabder-20&linkCode=osi&th=1&psc=1">View Product</a></div>
<div class="product"><a href="https://www.amazon.com/dp/B0D149L1VC?tag=eloabder-20&linkCode=osi&th=1&psc=1"><img src="https://m.media-amazon.com/images/I/41RVIeji+QL._SL500_.jpg" alt="Product Image"></a><p>HLDD HANDLANDY Gardening Gloves Long Sleeve for Women and Men Leather Garden Gloves for Yard & Outdoor Work, Golden Yellow, XL</p><p>$15.98</p><a href="https://www.amazon.com/dp/B0D149L1VC?tag=eloabder-20&linkCode=osi&th=1&psc=1">View Product</a></div>























































<div class="product"><a href="https://www.amazon.com/dp/B0071E1YJO?tag=eloabder-20&linkCode=osi&th=1&psc=1"><img src="https://m.media-amazon.com/images/I/41uUMfglltL._SL500_.jpg" alt="Product Image"></a><p>Miracle-Gro Leaf Shine, 8-Ounce Green</p><p>$8.48 ($1.06 / Fl Oz)</p><a href="https://www.amazon.com/dp/B0071E1YJO?tag=eloabder-20&linkCode=osi&th=1&psc=1">View Product</a></div><div class="product"><a href="https://www.amazon.com/dp/B08B5VSV97?tag=eloabder-20&linkCode=osi&th=1&psc=1"><img src="https://m.media-amazon.com/images/I/51EIcCei5HL._SL500_.jpg" alt="Product Image"></a><p>40 Pack Fungus Gnat Traps for House Indoor Yellow Sticky Traps for Gnats Sticky Traps for Plants, Dual-Sided Fungus Gnat Sticky Traps Fruit Fly Traps for Indoors</p><p>$7.99 ($0.20 / Count)</p><a href="https://www.amazon.com/dp/B08B5VSV97?tag=eloabder-20&linkCode=osi&th=1&psc=1">View Product</a></div><div class="product"><a href="https://www.amazon.com/dp/B000BX1HKI?tag=eloabder-20&linkCode=osi&th=1&psc=1"><img src="https://m.media-amazon.com/images/I/41prxVwQnWL._SL500_.jpg" alt="Product Image"></a><p>Bonide Systemic Houseplant Insect Control, 8 oz Ready-to-Use Granules for Indoors and Outdoors, Protects Plants from Insects</p><p>$9.59</p><a href="https://www.amazon.com/dp/B000BX1HKI?tag=eloabder-20&linkCode=osi&th=1&psc=1">View Product</a></div><div class="product"><a href="https://www.amazon.com/dp/B0042YYVYG?tag=eloabder-20&linkCode=osi&th=1&psc=1"><img src="https://m.media-amazon.com/images/I/41I2Q7llZsL._SL500_.jpg" alt="Product Image"></a><p>Miracle-Gro Water Storing Crystals, Helps Prevent Over and Underwatering in Outdoor and Indoor Plants, 12 oz.</p><p>$12.47 ($1.04 / Ounce)</p><a href="https://www.amazon.com/dp/B0042YYVYG?tag=eloabder-20&linkCode=osi&th=1&psc=1">View Product</a></div>

<div class="product"><a href="https://www.amazon.com/dp/B01N4GLFK8?tag=eloabder-20&linkCode=osi&th=1&psc=1"><img src="https://m.media-amazon.com/images/I/41fBBp7X+-L._SL500_.jpg" alt="Product Image"></a><p>Miracle-Gro Shake 'N Feed All Purpose Plant Food, 4.5 lbs, Covers up to 180 sq. ft.</p><p>$15.59 ($0.22 / Ounce)</p><a href="https://www.amazon.com/dp/B01N4GLFK8?tag=eloabder-20&linkCode=osi&th=1&psc=1">View Product</a></div><div class="product"><a href="https://www.amazon.com/dp/B0B9ZNJSPM?tag=eloabder-20&linkCode=osi&th=1&psc=1"><img src="https://m.media-amazon.com/images/I/41DukAXydjL._SL500_.jpg" alt="Product Image"></a><p>Southern Ag All Purpose Granular Fertilizer 10-10-10, 5 LB Size: 5 LB</p><p>$19.49 ($0.24 / Ounce)</p><a href="https://www.amazon.com/dp/B0B9ZNJSPM?tag=eloabder-20&linkCode=osi&th=1&psc=1">View Product</a></div><div class="product"><a href="https://www.amazon.com/dp/B000OWF7YI?tag=eloabder-20&linkCode=osi&th=1&psc=1"><img src="https://m.media-amazon.com/images/I/41XbL-vFMOS._SL500_.jpg" alt="Product Image"></a><p>Miracle-Gro Water Soluble All Purpose Plant Food, Fertilizer for Indoor or Outdoor Flowers, Vegetables or Trees, 10 lbs.</p><p>$31.97 ($0.20 / Ounce)</p><a href="https://www.amazon.com/dp/B000OWF7YI?tag=eloabder-20&linkCode=osi&th=1&psc=1">View Product</a></div><div class="product"><a href="https://www.amazon.com/dp/B00GTDGMHC?tag=eloabder-20&linkCode=osi&th=1&psc=1"><img src="https://m.media-amazon.com/images/I/51IUnCYh7WL._SL500_.jpg" alt="Product Image"></a><p>Osmocote Smart-Release Plant Food Plus Outdoor & Indoor, 8 lb.</p><p>$34.99 ($0.27 / Ounce)</p><a href="https://www.amazon.com/dp/B00GTDGMHC?tag=eloabder-20&linkCode=osi&th=1&psc=1">View Product</a></div><div class="product"><a href="https://www.amazon.com/dp/B000RNCKQ2?tag=eloabder-20&linkCode=osi&th=1&psc=1"><img src="https://m.media-amazon.com/images/I/41LZGPjfZqL._SL500_.jpg" alt="Product Image"></a><p>Miracle-Gro Pour & Feed Plant Food, Fertilizer Instantly Feeds Live Plants, For Outdoor & Indoor Plants in Containers, 32 oz.</p><p>$8.59 ($0.27 / Fl Oz)</p><a href="https://www.amazon.com/dp/B000RNCKQ2?tag=eloabder-20&linkCode=osi&th=1&psc=1">View Product</a></div><div class="product"><a href="https://www.amazon.com/dp/B00GTDGWAY?tag=eloabder-20&linkCode=osi&th=1&psc=1"><img src="https://m.media-amazon.com/images/I/41LSzOsNrmL._SL500_.jpg" alt="Product Image"></a><p>Scotts Super Bloom Water Soluble Plant Food, 2 lb - NPK 12-55-6 - Fertilizer for Outdoor Flowers, Fruiting Plants, Containers and Bed Areas - Feeds Plants Instantly</p><p>$13.60 ($0.42 / Ounce)</p><a href="https://www.amazon.com/dp/B00GTDGWAY?tag=eloabder-20&linkCode=osi&th=1&psc=1">View Product</a></div>
<div class="product"><a href="https://www.amazon.com/dp/B0BZJN2R32?tag=eloabder-20&linkCode=osi&th=1&psc=1"><img src="https://m.media-amazon.com/images/I/31VnEDv5y9L._SL500_.jpg" alt="Product Image"></a><p>ENVU - Tempo SC Ultra For Insects - 240ml</p><p>$46.86</p><a href="https://www.amazon.com/dp/B0BZJN2R32?tag=eloabder-20&linkCode=osi&th=1&psc=1">View Product</a></div><div class="product"><a href="https://www.amazon.com/dp/B01N7KSXHX?tag=eloabder-20&linkCode=osi&th=1&psc=1"><img src="https://m.media-amazon.com/images/I/41KRb4CLxyL._SL500_.jpg" alt="Product Image"></a><p>Ortho Home Defense Insect Killer for Indoor & Perimeter2 with Comfort Wand, Controls Ants, Roaches, and Spiders, 1.1 gal., 1 Pack</p><p>$15.99</p><a href="https://www.amazon.com/dp/B01N7KSXHX?tag=eloabder-20&linkCode=osi&th=1&psc=1">View Product</a></div><div class="product"><a href="https://www.amazon.com/dp/B0C1Q39Q9R?tag=eloabder-20&linkCode=osi&th=1&psc=1"><img src="https://m.media-amazon.com/images/I/31JB4VLVutL._SL500_.jpg" alt="Product Image"></a><p>Talak 7.9% Indoor/Outdoor Insect Control - Bifenthrin Concentrate (32 Ounce) by Atticus</p><p>$27.99</p><a href="https://www.amazon.com/dp/B0C1Q39Q9R?tag=eloabder-20&linkCode=osi&th=1&psc=1">View Product</a></div><div class="product"><a href="https://www.amazon.com/dp/B0C83WSDGV?tag=eloabder-20&linkCode=osi&th=1&psc=1"><img src="https://m.media-amazon.com/images/I/41nc5OmDkcL._SL500_.jpg" alt="Product Image"></a><p>Talak 7.9% Indoor/Outdoor Insect Control - Bifenthrin Concentrate (1 GAL) by Atticus</p><p>$56.99</p><a href="https://www.amazon.com/dp/B0C83WSDGV?tag=eloabder-20&linkCode=osi&th=1&psc=1">View Product</a></div><div class="product"><a href="https://www.amazon.com/dp/B00555SR9Q?tag=eloabder-20&linkCode=osi&th=1&psc=1"><img src="https://m.media-amazon.com/images/I/419E9atuhzL._SL500_.jpg" alt="Product Image"></a><p>Syngenta 070294125000 Demon Max Insecticide, Yellowish</p><p>$33.95</p><a href="https://www.amazon.com/dp/B00555SR9Q?tag=eloabder-20&linkCode=osi&th=1&psc=1">View Product</a></div><div class="product"><a href="https://www.amazon.com/dp/B002Y6BC1O?tag=eloabder-20&linkCode=osi&th=1&psc=1"><img src="https://m.media-amazon.com/images/I/41MxLEq25RL._SL500_.jpg" alt="Product Image"></a><p>Syngenta 73654 Demand CS Insecticide, 8oz, Beige</p><p>$39.05</p><a href="https://www.amazon.com/dp/B002Y6BC1O?tag=eloabder-20&linkCode=osi&th=1&psc=1">View Product</a></div><div class="product"><a href="https://www.amazon.com/dp/B0CR1R792Q?tag=eloabder-20&linkCode=osi&th=1&psc=1"><img src="https://m.media-amazon.com/images/I/31XVwzdlQoL._SL500_.jpg" alt="Product Image"></a><p>Tirade Ultra SC Insecticide by Atticus - Compare to The Leading Brand - Beta-Cyfluthrin Pest Control for Indoor and Outdoor Use (240 ML)</p><p>$44.99</p><a href="https://www.amazon.com/dp/B0CR1R792Q?tag=eloabder-20&linkCode=osi&th=1&psc=1">View Product</a></div><div class="product"><a href="https://www.amazon.com/dp/B00FN3P8LU?tag=eloabder-20&linkCode=osi&th=1&psc=1"><img src="https://m.media-amazon.com/images/I/41c9oWdbOpL._SL500_.jpg" alt="Product Image"></a><p>Spectracide Concentrate Triazicide Lawn & Landscapes Insect Killer, 40 oz, Black</p><p>$8.98 ($0.22 / Fl Oz)</p><a href="https://www.amazon.com/dp/B00FN3P8LU?tag=eloabder-20&linkCode=osi&th=1&psc=1">View Product</a></div><div class="product"><a href="https://www.amazon.com/dp/B07RLS91C9?tag=eloabder-20&linkCode=osi&th=1&psc=1"><img src="https://m.media-amazon.com/images/I/41LdMyqibdL._SL500_.jpg" alt="Product Image"></a><p>Bayer 80035225 Polyzone Suspend Pint Insecticide 16_ounce</p><p>$58.49</p><a href="https://www.amazon.com/dp/B07RLS91C9?tag=eloabder-20&linkCode=osi&th=1&psc=1">View Product</a></div>
<div class="product"><a href="https://www.amazon.com/dp/B06XGL8R89?tag=eloabder-20&linkCode=osi&th=1&psc=1"><img src="https://m.media-amazon.com/images/I/412LuMRZ5EL._SL500_.jpg" alt="Product Image"></a><p>Trapper Max Glue Traps 12 Glue Boards Trap Mouse Bugs Insects Bed Bugs Spiders Cockroaches Non-Toxic</p><p>$9.25 ($0.77 / Count)</p><a href="https://www.amazon.com/dp/B06XGL8R89?tag=eloabder-20&linkCode=osi&th=1&psc=1">View Product</a></div><div class="product"><a href="https://www.amazon.com/dp/B003ORTFH0?tag=eloabder-20&linkCode=osi&th=1&psc=1"><img src="https://m.media-amazon.com/images/I/31c-Ziw55xL._SL500_.jpg" alt="Product Image"></a><p>Max Catch 72 Pack Professional Strength - Mouse, Rat & Pest Glue Scented Sticky Trap for Rodents and Insects - Ready to Use Indoors - Non Toxic, No Mess, Easy Cleanup Mice Trap by Catchmaster</p><p>$26.99 ($0.37 / Count)</p><a href="https://www.amazon.com/dp/B003ORTFH0?tag=eloabder-20&linkCode=osi&th=1&psc=1">View Product</a></div><div class="product"><a href="https://www.amazon.com/dp/B00LW21RNY?tag=eloabder-20&linkCode=osi&th=1&psc=1"><img src="https://m.media-amazon.com/images/I/4123fr-WvoL._SL500_.jpg" alt="Product Image"></a><p>Catchmaster Spider & Insect Glue Traps 30-Pk (10 Sheets), Adhesive Cockroach Killer Glue Boards, Spider Traps, Cricket Sticky Traps, Indoor Roach Trap for Home, Garage & Shed, Pet Safe Pest Control</p><p>$13.98 ($0.47 / Count)</p><a href="https://www.amazon.com/dp/B00LW21RNY?tag=eloabder-20&linkCode=osi&th=1&psc=1">View Product</a></div><div class="product"><a href="https://www.amazon.com/dp/B005IMZ9K6?tag=eloabder-20&linkCode=osi&th=1&psc=1"><img src="https://m.media-amazon.com/images/I/51puixq5EOL._SL500_.jpg" alt="Product Image"></a><p>Catchmaster Pro Strength Mouse & Insect Glue Boards 60pk Traps Indoor for Home, Adhesive Bug Catcher, Rat & Rodent Sticky Trap, Non Toxic Bulk Pre-Baited Glue Traps, Pet Safe House Pest Control</p><p>$23.05 ($0.38 / Count)</p><a href="https://www.amazon.com/dp/B005IMZ9K6?tag=eloabder-20&linkCode=osi&th=1&psc=1">View Product</a></div><div class="product"><a href="https://www.amazon.com/dp/B07Q697VZK?tag=eloabder-20&linkCode=osi&th=1&psc=1"><img src="https://m.media-amazon.com/images/I/51jPZpEiKAL._SL500_.jpg" alt="Product Image"></a><p>TERRO T3206SR Non-Toxic Indoor Spider, Ant, Cockroach, Centipede, and Crawling Insect Trap - 12 Traps</p><p>$12.62 ($1.05 / Count)</p><a href="https://www.amazon.com/dp/B07Q697VZK?tag=eloabder-20&linkCode=osi&th=1&psc=1">View Product</a></div><div class="product"><a href="https://www.amazon.com/dp/B005IMZ9TC?tag=eloabder-20&linkCode=osi&th=1&psc=1"><img src="https://m.media-amazon.com/images/I/510w06crpTL._SL500_.jpg" alt="Product Image"></a><p>Catchmaster Mouse and Insect Glue Boards, 75-Pack Mouse Traps Indoor for Home, Sticky Pest Control Adhesive for Catching Bugs, Rats & Rodents, Non Toxic Bulk Glue Traps</p><p>$29.98 ($0.40 / Count)</p><a href="https://www.amazon.com/dp/B005IMZ9TC?tag=eloabder-20&linkCode=osi&th=1&psc=1">View Product</a></div><div class="product"><a href="https://www.amazon.com/dp/B00CQ561GY?tag=eloabder-20&linkCode=osi&th=1&psc=1"><img src="https://m.media-amazon.com/images/I/517JUYwBTML._SL500_.jpg" alt="Product Image"></a><p>Catchmaster Killer Pest Control Heavy Duty Glue Trap. Non Toxic Sticky Trap Captures Pests. Ready to Use Packs. Easy to Deploy & Place. (12 Traps, Insect Trap)</p><p>$8.87 ($0.74 / Count)</p><a href="https://www.amazon.com/dp/B00CQ561GY?tag=eloabder-20&linkCode=osi&th=1&psc=1">View Product</a></div><div class="product"><a href="https://www.amazon.com/dp/B083FJZC3M?tag=eloabder-20&linkCode=osi&th=1&psc=1"><img src="https://m.media-amazon.com/images/I/51JWsuE-m+L._SL500_.jpg" alt="Product Image"></a><p>S&T INC. Insect Traps, Brown Recluse, Hobo Spiders, Black Widows, White, 30 Count</p><p>$11.99 ($0.40 / Count)</p><a href="https://www.amazon.com/dp/B083FJZC3M?tag=eloabder-20&linkCode=osi&th=1&psc=1">View Product</a></div><div class="product"><a href="https://www.amazon.com/dp/B00CEEDFS4?tag=eloabder-20&linkCode=osi&th=1&psc=1"><img src="https://m.media-amazon.com/images/I/418YR7Th0dL._SL500_.jpg" alt="Product Image"></a><p>Catchmaster Rat & Mouse Glue Traps 6Pk, Large Bulk Traps, Indoor for Home, Pre-Scented Adhesive Plastic Tray Inside House, Snake, Mice, Spider Pet Safe Pest Control</p><p>$14.38 ($2.40 / Count)</p><a href="https://www.amazon.com/dp/B00CEEDFS4?tag=eloabder-20&linkCode=osi&th=1&psc=1">View Product</a></div><div class="product"><a href="https://www.amazon.com/dp/B0BBRDPFF4?tag=eloabder-20&linkCode=osi&th=1&psc=1"><img src="https://m.media-amazon.com/images/I/61FVxhCy9WL._SL500_.jpg" alt="Product Image"></a><p>Roach Traps Indoor Sticky (18 Pack) - Glue Traps for Roaches Bug Traps with Roach Bait Traps - Long Lasting Non-Toxic Children and Pet Friendly - Trap a Pest</p><p>$9.88 ($0.55 / Count)</p><a href="https://www.amazon.com/dp/B0BBRDPFF4?tag=eloabder-20&linkCode=osi&th=1&psc=1">View Product</a></div>


<div class="product"><a href="https://www.amazon.com/dp/B001D0Y9RG?tag=eloabder-20&linkCode=osi&th=1&psc=1"><img src="https://m.media-amazon.com/images/I/41lQfHTmZVL._SL500_.jpg" alt="Product Image"></a><p>API POND ACCU-CLEAR Pond Water Clarifier 32-Ounce Bottle</p><p>$21.06</p><a href="https://www.amazon.com/dp/B001D0Y9RG?tag=eloabder-20&linkCode=osi&th=1&psc=1">View Product</a></div>


<div class="product"><a href="https://www.amazon.com/dp/B0BZBTV7FM?tag=eloabder-20&linkCode=osi&th=1&psc=1"><img src="https://m.media-amazon.com/images/I/41rGR7+6sHL._SL500_.jpg" alt="Product Image"></a><p>Fly Fans for Tables, Fly Fan Indoor Outdoor with Holographic Blades, Batteries Powered Fly Fans Outdoor for Picnic, Party, Restaurant, Kitchen, and BBQ, 4 Pack</p><p>$29.99 ($7.50 / Count)</p><a href="https://www.amazon.com/dp/B0BZBTV7FM?tag=eloabder-20&linkCode=osi&th=1&psc=1">View Product</a></div>
<div class="product"><a href="https://www.amazon.com/dp/B01N6706BP?tag=eloabder-20&linkCode=osi&th=1&psc=1"><img src="https://m.media-amazon.com/images/I/51RI47QQRVL._SL500_.jpg" alt="Product Image"></a><p>Gardzen 3-Pack 72 Gallons Garden Bag - Reuseable Heavy Duty Gardening Bags, Lawn Pool Garden Leaf Waste Bag</p><p>$22.99 ($7.66 / Count)</p><a href="https://www.amazon.com/dp/B01N6706BP?tag=eloabder-20&linkCode=osi&th=1&psc=1">View Product</a></div><div class="product"><a href="https://www.amazon.com/dp/B07BR52P26?tag=eloabder-20&linkCode=osi&th=1&psc=1"><img src="https://m.media-amazon.com/images/I/41TsWY51fbL._SL500_.jpg" alt="Product Image"></a><p>SONKIR Soil pH Meter, MS02 3-in-1 Soil Moisture/Light/pH Tester Gardening Tool Kits for Plant Care, Great for Garden, Lawn, Farm, Indoor & Outdoor Use (Green)</p><p>$9.99</p><a href="https://www.amazon.com/dp/B07BR52P26?tag=eloabder-20&linkCode=osi&th=1&psc=1">View Product</a></div>
<div class="product"><a href="https://www.amazon.com/dp/B09S7YL4QV?tag=eloabder-20&linkCode=osi&th=1&psc=1"><img src="https://m.media-amazon.com/images/I/51eFJ8Uv1xL._SL500_.jpg" alt="Product Image"></a><p>Burpee SuperSeed Seed Starting Tray | 36 Cell Reusable Seed Starter Tray | for Starting Vegetable, Flower & Herb Seeds | Indoor Grow Kit for Plant Seedlings | for Germination Success</p><p>$11.97</p><a href="https://www.amazon.com/dp/B09S7YL4QV?tag=eloabder-20&linkCode=osi&th=1&psc=1">View Product</a></div><div class="product"><a href="https://www.amazon.com/dp/B01MU394JM?tag=eloabder-20&linkCode=osi&th=1&psc=1"><img src="https://m.media-amazon.com/images/I/517TE2AFBZL._SL500_.jpg" alt="Product Image"></a><p>Miracle-Gro Shake 'N Feed Tomato, Fruit & Vegetable Plant Food, 1 lb.</p><p>$8.08 ($0.50 / Ounce)</p><a href="https://www.amazon.com/dp/B01MU394JM?tag=eloabder-20&linkCode=osi&th=1&psc=1">View Product</a></div>
<div class="product"><a href="https://www.amazon.com/dp/B09SV8J649?tag=eloabder-20&linkCode=osi&th=1&psc=1"><img src="https://m.media-amazon.com/images/I/51G3IdGm9mL._SL500_.jpg" alt="Product Image"></a><p>Miracle-Gro Women's Nitrile Coated Grip Floral Pattern Gardening Work Gloves, Extreme Comfort, Excellent Grip, Water Resistant, Pink/Purple, Small, (MG37126/WSM)</p><p>$5.99</p><a href="https://www.amazon.com/dp/B09SV8J649?tag=eloabder-20&linkCode=osi&th=1&psc=1">View Product</a></div><div class="product"><a href="https://www.amazon.com/dp/B0BHZXPXW9?tag=eloabder-20&linkCode=osi&th=1&psc=1"><img src="https://m.media-amazon.com/images/I/51gioz5VnSL._SL500_.jpg" alt="Product Image"></a><p>MSUPSAV Gardening Gloves for Gardening,Synthetic Leather Garden Gloves,Work Gloves with Touch Screen,Best Gifts for Women,Green, Medium</p><p>$11.99</p><a href="https://www.amazon.com/dp/B0BHZXPXW9?tag=eloabder-20&linkCode=osi&th=1&psc=1">View Product</a></div><div class="product"><a href="https://www.amazon.com/dp/B0B5RFV1BK?tag=eloabder-20&linkCode=osi&th=1&psc=1"><img src="https://m.media-amazon.com/images/I/51bX+IeFx+L._SL500_.jpg" alt="Product Image"></a><p>MSUPSAV Genuine Leather Gardening Gloves,Thornproof & Puncture Resistant Garden Gloves,Gardening Gloves for Women,Long Garden Gloves,Rose Gloves,Garden Gifts(Small, Tuilp)</p><p>$15.99</p><a href="https://www.amazon.com/dp/B0B5RFV1BK?tag=eloabder-20&linkCode=osi&th=1&psc=1">View Product</a></div>
<div class="product"><a href="https://www.amazon.com/dp/B0D149L1VC?tag=eloabder-20&linkCode=osi&th=1&psc=1"><img src="https://m.media-amazon.com/images/I/41RVIeji+QL._SL500_.jpg" alt="Product Image"></a><p>HLDD HANDLANDY Gardening Gloves Long Sleeve for Women and Men Leather Garden Gloves for Yard & Outdoor Work, Golden Yellow, XL</p><p>$15.98</p><a href="https://www.amazon.com/dp/B0D149L1VC?tag=eloabder-20&linkCode=osi&th=1&psc=1">View Product</a></div>























































<div class="product"><a href="https://www.amazon.com/dp/B0071E1YJO?tag=eloabder-20&linkCode=osi&th=1&psc=1"><img src="https://m.media-amazon.com/images/I/41uUMfglltL._SL500_.jpg" alt="Product Image"></a><p>Miracle-Gro Leaf Shine, 8-Ounce Green</p><p>$8.48 ($1.06 / Fl Oz)</p><a href="https://www.amazon.com/dp/B0071E1YJO?tag=eloabder-20&linkCode=osi&th=1&psc=1">View Product</a></div><div class="product"><a href="https://www.amazon.com/dp/B08B5VSV97?tag=eloabder-20&linkCode=osi&th=1&psc=1"><img src="https://m.media-amazon.com/images/I/51EIcCei5HL._SL500_.jpg" alt="Product Image"></a><p>40 Pack Fungus Gnat Traps for House Indoor Yellow Sticky Traps for Gnats Sticky Traps for Plants, Dual-Sided Fungus Gnat Sticky Traps Fruit Fly Traps for Indoors</p><p>$7.99 ($0.20 / Count)</p><a href="https://www.amazon.com/dp/B08B5VSV97?tag=eloabder-20&linkCode=osi&th=1&psc=1">View Product</a></div><div class="product"><a href="https://www.amazon.com/dp/B000BX1HKI?tag=eloabder-20&linkCode=osi&th=1&psc=1"><img src="https://m.media-amazon.com/images/I/41prxVwQnWL._SL500_.jpg" alt="Product Image"></a><p>Bonide Systemic Houseplant Insect Control, 8 oz Ready-to-Use Granules for Indoors and Outdoors, Protects Plants from Insects</p><p>$9.59</p><a href="https://www.amazon.com/dp/B000BX1HKI?tag=eloabder-20&linkCode=osi&th=1&psc=1">View Product</a></div><div class="product"><a href="https://www.amazon.com/dp/B0042YYVYG?tag=eloabder-20&linkCode=osi&th=1&psc=1"><img src="https://m.media-amazon.com/images/I/41I2Q7llZsL._SL500_.jpg" alt="Product Image"></a><p>Miracle-Gro Water Storing Crystals, Helps Prevent Over and Underwatering in Outdoor and Indoor Plants, 12 oz.</p><p>$12.47 ($1.04 / Ounce)</p><a href="https://www.amazon.com/dp/B0042YYVYG?tag=eloabder-20&linkCode=osi&th=1&psc=1">View Product</a></div>

<div class="product"><a href="https://www.amazon.com/dp/B01N4GLFK8?tag=eloabder-20&linkCode=osi&th=1&psc=1"><img src="https://m.media-amazon.com/images/I/41fBBp7X+-L._SL500_.jpg" alt="Product Image"></a><p>Miracle-Gro Shake 'N Feed All Purpose Plant Food, 4.5 lbs, Covers up to 180 sq. ft.</p><p>$15.59 ($0.22 / Ounce)</p><a href="https://www.amazon.com/dp/B01N4GLFK8?tag=eloabder-20&linkCode=osi&th=1&psc=1">View Product</a></div><div class="product"><a href="https://www.amazon.com/dp/B0B9ZNJSPM?tag=eloabder-20&linkCode=osi&th=1&psc=1"><img src="https://m.media-amazon.com/images/I/41DukAXydjL._SL500_.jpg" alt="Product Image"></a><p>Southern Ag All Purpose Granular Fertilizer 10-10-10, 5 LB Size: 5 LB</p><p>$19.49 ($0.24 / Ounce)</p><a href="https://www.amazon.com/dp/B0B9ZNJSPM?tag=eloabder-20&linkCode=osi&th=1&psc=1">View Product</a></div><div class="product"><a href="https://www.amazon.com/dp/B000OWF7YI?tag=eloabder-20&linkCode=osi&th=1&psc=1"><img src="https://m.media-amazon.com/images/I/41XbL-vFMOS._SL500_.jpg" alt="Product Image"></a><p>Miracle-Gro Water Soluble All Purpose Plant Food, Fertilizer for Indoor or Outdoor Flowers, Vegetables or Trees, 10 lbs.</p><p>$31.97 ($0.20 / Ounce)</p><a href="https://www.amazon.com/dp/B000OWF7YI?tag=eloabder-20&linkCode=osi&th=1&psc=1">View Product</a></div><div class="product"><a href="https://www.amazon.com/dp/B00GTDGMHC?tag=eloabder-20&linkCode=osi&th=1&psc=1"><img src="https://m.media-amazon.com/images/I/51IUnCYh7WL._SL500_.jpg" alt="Product Image"></a><p>Osmocote Smart-Release Plant Food Plus Outdoor & Indoor, 8 lb.</p><p>$34.99 ($0.27 / Ounce)</p><a href="https://www.amazon.com/dp/B00GTDGMHC?tag=eloabder-20&linkCode=osi&th=1&psc=1">View Product</a></div><div class="product"><a href="https://www.amazon.com/dp/B000RNCKQ2?tag=eloabder-20&linkCode=osi&th=1&psc=1"><img src="https://m.media-amazon.com/images/I/41LZGPjfZqL._SL500_.jpg" alt="Product Image"></a><p>Miracle-Gro Pour & Feed Plant Food, Fertilizer Instantly Feeds Live Plants, For Outdoor & Indoor Plants in Containers, 32 oz.</p><p>$8.59 ($0.27 / Fl Oz)</p><a href="https://www.amazon.com/dp/B000RNCKQ2?tag=eloabder-20&linkCode=osi&th=1&psc=1">View Product</a></div><div class="product"><a href="https://www.amazon.com/dp/B00GTDGWAY?tag=eloabder-20&linkCode=osi&th=1&psc=1"><img src="https://m.media-amazon.com/images/I/41LSzOsNrmL._SL500_.jpg" alt="Product Image"></a><p>Scotts Super Bloom Water Soluble Plant Food, 2 lb - NPK 12-55-6 - Fertilizer for Outdoor Flowers, Fruiting Plants, Containers and Bed Areas - Feeds Plants Instantly</p><p>$13.60 ($0.42 / Ounce)</p><a href="https://www.amazon.com/dp/B00GTDGWAY?tag=eloabder-20&linkCode=osi&th=1&psc=1">View Product</a></div>
<div class="product"><a href="https://www.amazon.com/dp/B0BZJN2R32?tag=eloabder-20&linkCode=osi&th=1&psc=1"><img src="https://m.media-amazon.com/images/I/31VnEDv5y9L._SL500_.jpg" alt="Product Image"></a><p>ENVU - Tempo SC Ultra For Insects - 240ml</p><p>$46.86</p><a href="https://www.amazon.com/dp/B0BZJN2R32?tag=eloabder-20&linkCode=osi&th=1&psc=1">View Product</a></div><div class="product"><a href="https://www.amazon.com/dp/B01N7KSXHX?tag=eloabder-20&linkCode=osi&th=1&psc=1"><img src="https://m.media-amazon.com/images/I/41KRb4CLxyL._SL500_.jpg" alt="Product Image"></a><p>Ortho Home Defense Insect Killer for Indoor & Perimeter2 with Comfort Wand, Controls Ants, Roaches, and Spiders, 1.1 gal., 1 Pack</p><p>$15.99</p><a href="https://www.amazon.com/dp/B01N7KSXHX?tag=eloabder-20&linkCode=osi&th=1&psc=1">View Product</a></div><div class="product"><a href="https://www.amazon.com/dp/B0C1Q39Q9R?tag=eloabder-20&linkCode=osi&th=1&psc=1"><img src="https://m.media-amazon.com/images/I/31JB4VLVutL._SL500_.jpg" alt="Product Image"></a><p>Talak 7.9% Indoor/Outdoor Insect Control - Bifenthrin Concentrate (32 Ounce) by Atticus</p><p>$27.99</p><a href="https://www.amazon.com/dp/B0C1Q39Q9R?tag=eloabder-20&linkCode=osi&th=1&psc=1">View Product</a></div><div class="product"><a href="https://www.amazon.com/dp/B0C83WSDGV?tag=eloabder-20&linkCode=osi&th=1&psc=1"><img src="https://m.media-amazon.com/images/I/41nc5OmDkcL._SL500_.jpg" alt="Product Image"></a><p>Talak 7.9% Indoor/Outdoor Insect Control - Bifenthrin Concentrate (1 GAL) by Atticus</p><p>$56.99</p><a href="https://www.amazon.com/dp/B0C83WSDGV?tag=eloabder-20&linkCode=osi&th=1&psc=1">View Product</a></div><div class="product"><a href="https://www.amazon.com/dp/B00555SR9Q?tag=eloabder-20&linkCode=osi&th=1&psc=1"><img src="https://m.media-amazon.com/images/I/419E9atuhzL._SL500_.jpg" alt="Product Image"></a><p>Syngenta 070294125000 Demon Max Insecticide, Yellowish</p><p>$33.95</p><a href="https://www.amazon.com/dp/B00555SR9Q?tag=eloabder-20&linkCode=osi&th=1&psc=1">View Product</a></div><div class="product"><a href="https://www.amazon.com/dp/B002Y6BC1O?tag=eloabder-20&linkCode=osi&th=1&psc=1"><img src="https://m.media-amazon.com/images/I/41MxLEq25RL._SL500_.jpg" alt="Product Image"></a><p>Syngenta 73654 Demand CS Insecticide, 8oz, Beige</p><p>$39.05</p><a href="https://www.amazon.com/dp/B002Y6BC1O?tag=eloabder-20&linkCode=osi&th=1&psc=1">View Product</a></div><div class="product"><a href="https://www.amazon.com/dp/B0CR1R792Q?tag=eloabder-20&linkCode=osi&th=1&psc=1"><img src="https://m.media-amazon.com/images/I/31XVwzdlQoL._SL500_.jpg" alt="Product Image"></a><p>Tirade Ultra SC Insecticide by Atticus - Compare to The Leading Brand - Beta-Cyfluthrin Pest Control for Indoor and Outdoor Use (240 ML)</p><p>$44.99</p><a href="https://www.amazon.com/dp/B0CR1R792Q?tag=eloabder-20&linkCode=osi&th=1&psc=1">View Product</a></div><div class="product"><a href="https://www.amazon.com/dp/B00FN3P8LU?tag=eloabder-20&linkCode=osi&th=1&psc=1"><img src="https://m.media-amazon.com/images/I/41c9oWdbOpL._SL500_.jpg" alt="Product Image"></a><p>Spectracide Concentrate Triazicide Lawn & Landscapes Insect Killer, 40 oz, Black</p><p>$8.98 ($0.22 / Fl Oz)</p><a href="https://www.amazon.com/dp/B00FN3P8LU?tag=eloabder-20&linkCode=osi&th=1&psc=1">View Product</a></div><div class="product"><a href="https://www.amazon.com/dp/B07RLS91C9?tag=eloabder-20&linkCode=osi&th=1&psc=1"><img src="https://m.media-amazon.com/images/I/41LdMyqibdL._SL500_.jpg" alt="Product Image"></a><p>Bayer 80035225 Polyzone Suspend Pint Insecticide 16_ounce</p><p>$58.49</p><a href="https://www.amazon.com/dp/B07RLS91C9?tag=eloabder-20&linkCode=osi&th=1&psc=1">View Product</a></div>
<div class="product"><a href="https://www.amazon.com/dp/B06XGL8R89?tag=eloabder-20&linkCode=osi&th=1&psc=1"><img src="https://m.media-amazon.com/images/I/412LuMRZ5EL._SL500_.jpg" alt="Product Image"></a><p>Trapper Max Glue Traps 12 Glue Boards Trap Mouse Bugs Insects Bed Bugs Spiders Cockroaches Non-Toxic</p><p>$9.25 ($0.77 / Count)</p><a href="https://www.amazon.com/dp/B06XGL8R89?tag=eloabder-20&linkCode=osi&th=1&psc=1">View Product</a></div><div class="product"><a href="https://www.amazon.com/dp/B003ORTFH0?tag=eloabder-20&linkCode=osi&th=1&psc=1"><img src="https://m.media-amazon.com/images/I/31c-Ziw55xL._SL500_.jpg" alt="Product Image"></a><p>Max Catch 72 Pack Professional Strength - Mouse, Rat & Pest Glue Scented Sticky Trap for Rodents and Insects - Ready to Use Indoors - Non Toxic, No Mess, Easy Cleanup Mice Trap by Catchmaster</p><p>$26.99 ($0.37 / Count)</p><a href="https://www.amazon.com/dp/B003ORTFH0?tag=eloabder-20&linkCode=osi&th=1&psc=1">View Product</a></div><div class="product"><a href="https://www.amazon.com/dp/B00LW21RNY?tag=eloabder-20&linkCode=osi&th=1&psc=1"><img src="https://m.media-amazon.com/images/I/4123fr-WvoL._SL500_.jpg" alt="Product Image"></a><p>Catchmaster Spider & Insect Glue Traps 30-Pk (10 Sheets), Adhesive Cockroach Killer Glue Boards, Spider Traps, Cricket Sticky Traps, Indoor Roach Trap for Home, Garage & Shed, Pet Safe Pest Control</p><p>$13.98 ($0.47 / Count)</p><a href="https://www.amazon.com/dp/B00LW21RNY?tag=eloabder-20&linkCode=osi&th=1&psc=1">View Product</a></div><div class="product"><a href="https://www.amazon.com/dp/B005IMZ9K6?tag=eloabder-20&linkCode=osi&th=1&psc=1"><img src="https://m.media-amazon.com/images/I/51puixq5EOL._SL500_.jpg" alt="Product Image"></a><p>Catchmaster Pro Strength Mouse & Insect Glue Boards 60pk Traps Indoor for Home, Adhesive Bug Catcher, Rat & Rodent Sticky Trap, Non Toxic Bulk Pre-Baited Glue Traps, Pet Safe House Pest Control</p><p>$23.05 ($0.38 / Count)</p><a href="https://www.amazon.com/dp/B005IMZ9K6?tag=eloabder-20&linkCode=osi&th=1&psc=1">View Product</a></div><div class="product"><a href="https://www.amazon.com/dp/B07Q697VZK?tag=eloabder-20&linkCode=osi&th=1&psc=1"><img src="https://m.media-amazon.com/images/I/51jPZpEiKAL._SL500_.jpg" alt="Product Image"></a><p>TERRO T3206SR Non-Toxic Indoor Spider, Ant, Cockroach, Centipede, and Crawling Insect Trap - 12 Traps</p><p>$12.62 ($1.05 / Count)</p><a href="https://www.amazon.com/dp/B07Q697VZK?tag=eloabder-20&linkCode=osi&th=1&psc=1">View Product</a></div><div class="product"><a href="https://www.amazon.com/dp/B005IMZ9TC?tag=eloabder-20&linkCode=osi&th=1&psc=1"><img src="https://m.media-amazon.com/images/I/510w06crpTL._SL500_.jpg" alt="Product Image"></a><p>Catchmaster Mouse and Insect Glue Boards, 75-Pack Mouse Traps Indoor for Home, Sticky Pest Control Adhesive for Catching Bugs, Rats & Rodents, Non Toxic Bulk Glue Traps</p><p>$29.98 ($0.40 / Count)</p><a href="https://www.amazon.com/dp/B005IMZ9TC?tag=eloabder-20&linkCode=osi&th=1&psc=1">View Product</a></div><div class="product"><a href="https://www.amazon.com/dp/B00CQ561GY?tag=eloabder-20&linkCode=osi&th=1&psc=1"><img src="https://m.media-amazon.com/images/I/517JUYwBTML._SL500_.jpg" alt="Product Image"></a><p>Catchmaster Killer Pest Control Heavy Duty Glue Trap. Non Toxic Sticky Trap Captures Pests. Ready to Use Packs. Easy to Deploy & Place. (12 Traps, Insect Trap)</p><p>$8.87 ($0.74 / Count)</p><a href="https://www.amazon.com/dp/B00CQ561GY?tag=eloabder-20&linkCode=osi&th=1&psc=1">View Product</a></div><div class="product"><a href="https://www.amazon.com/dp/B083FJZC3M?tag=eloabder-20&linkCode=osi&th=1&psc=1"><img src="https://m.media-amazon.com/images/I/51JWsuE-m+L._SL500_.jpg" alt="Product Image"></a><p>S&T INC. Insect Traps, Brown Recluse, Hobo Spiders, Black Widows, White, 30 Count</p><p>$11.99 ($0.40 / Count)</p><a href="https://www.amazon.com/dp/B083FJZC3M?tag=eloabder-20&linkCode=osi&th=1&psc=1">View Product</a></div><div class="product"><a href="https://www.amazon.com/dp/B00CEEDFS4?tag=eloabder-20&linkCode=osi&th=1&psc=1"><img src="https://m.media-amazon.com/images/I/418YR7Th0dL._SL500_.jpg" alt="Product Image"></a><p>Catchmaster Rat & Mouse Glue Traps 6Pk, Large Bulk Traps, Indoor for Home, Pre-Scented Adhesive Plastic Tray Inside House, Snake, Mice, Spider Pet Safe Pest Control</p><p>$14.38 ($2.40 / Count)</p><a href="https://www.amazon.com/dp/B00CEEDFS4?tag=eloabder-20&linkCode=osi&th=1&psc=1">View Product</a></div><div class="product"><a href="https://www.amazon.com/dp/B0BBRDPFF4?tag=eloabder-20&linkCode=osi&th=1&psc=1"><img src="https://m.media-amazon.com/images/I/61FVxhCy9WL._SL500_.jpg" alt="Product Image"></a><p>Roach Traps Indoor Sticky (18 Pack) - Glue Traps for Roaches Bug Traps with Roach Bait Traps - Long Lasting Non-Toxic Children and Pet Friendly - Trap a Pest</p><p>$9.88 ($0.55 / Count)</p><a href="https://www.amazon.com/dp/B0BBRDPFF4?tag=eloabder-20&linkCode=osi&th=1&psc=1">View Product</a></div>


<div class="product"><a href="https://www.amazon.com/dp/B001D0Y9RG?tag=eloabder-20&linkCode=osi&th=1&psc=1"><img src="https://m.media-amazon.com/images/I/41lQfHTmZVL._SL500_.jpg" alt="Product Image"></a><p>API POND ACCU-CLEAR Pond Water Clarifier 32-Ounce Bottle</p><p>$21.06</p><a href="https://www.amazon.com/dp/B001D0Y9RG?tag=eloabder-20&linkCode=osi&th=1&psc=1">View Product</a></div>



<div class="product"><a href="https://www.amazon.com/dp/B0BZBTV7FM?tag=eloabder-20&linkCode=osi&th=1&psc=1"><img src="https://m.media-amazon.com/images/I/41rGR7+6sHL._SL500_.jpg" alt="Product Image"></a><p>Fly Fans for Tables, Fly Fan Indoor Outdoor with Holographic Blades, Batteries Powered Fly Fans Outdoor for Picnic, Party, Restaurant, Kitchen, and BBQ, 4 Pack</p><p>$29.99 ($7.50 / Count)</p><a href="https://www.amazon.com/dp/B0BZBTV7FM?tag=eloabder-20&linkCode=osi&th=1&psc=1">View Product</a></div>
<div class="product"><a href="https://www.amazon.com/dp/B01N6706BP?tag=eloabder-20&linkCode=osi&th=1&psc=1"><img src="https://m.media-amazon.com/images/I/51RI47QQRVL._SL500_.jpg" alt="Product Image"></a><p>Gardzen 3-Pack 72 Gallons Garden Bag - Reuseable Heavy Duty Gardening Bags, Lawn Pool Garden Leaf Waste Bag</p><p>$22.99 ($7.66 / Count)</p><a href="https://www.amazon.com/dp/B01N6706BP?tag=eloabder-20&linkCode=osi&th=1&psc=1">View Product</a></div><div class="product"><a href="https://www.amazon.com/dp/B07BR52P26?tag=eloabder-20&linkCode=osi&th=1&psc=1"><img src="https://m.media-amazon.com/images/I/41TsWY51fbL._SL500_.jpg" alt="Product Image"></a><p>SONKIR Soil pH Meter, MS02 3-in-1 Soil Moisture/Light/pH Tester Gardening Tool Kits for Plant Care, Great for Garden, Lawn, Farm, Indoor & Outdoor Use (Green)</p><p>$9.99</p><a href="https://www.amazon.com/dp/B07BR52P26?tag=eloabder-20&linkCode=osi&th=1&psc=1">View Product</a></div>
<div class="product"><a href="https://www.amazon.com/dp/B09S7YL4QV?tag=eloabder-20&linkCode=osi&th=1&psc=1"><img src="https://m.media-amazon.com/images/I/51eFJ8Uv1xL._SL500_.jpg" alt="Product Image"></a><p>Burpee SuperSeed Seed Starting Tray | 36 Cell Reusable Seed Starter Tray | for Starting Vegetable, Flower & Herb Seeds | Indoor Grow Kit for Plant Seedlings | for Germination Success</p><p>$11.97</p><a href="https://www.amazon.com/dp/B09S7YL4QV?tag=eloabder-20&linkCode=osi&th=1&psc=1">View Product</a></div><div class="product"><a href="https://www.amazon.com/dp/B01MU394JM?tag=eloabder-20&linkCode=osi&th=1&psc=1"><img src="https://m.media-amazon.com/images/I/517TE2AFBZL._SL500_.jpg" alt="Product Image"></a><p>Miracle-Gro Shake 'N Feed Tomato, Fruit & Vegetable Plant Food, 1 lb.</p><p>$8.08 ($0.50 / Ounce)</p><a href="https://www.amazon.com/dp/B01MU394JM?tag=eloabder-20&linkCode=osi&th=1&psc=1">View Product</a></div>
<div class="product"><a href="https://www.amazon.com/dp/B09SV8J649?tag=eloabder-20&linkCode=osi&th=1&psc=1"><img src="https://m.media-amazon.com/images/I/51G3IdGm9mL._SL500_.jpg" alt="Product Image"></a><p>Miracle-Gro Women's Nitrile Coated Grip Floral Pattern Gardening Work Gloves, Extreme Comfort, Excellent Grip, Water Resistant, Pink/Purple, Small, (MG37126/WSM)</p><p>$5.99</p><a href="https://www.amazon.com/dp/B09SV8J649?tag=eloabder-20&linkCode=osi&th=1&psc=1">View Product</a></div><div class="product"><a href="https://www.amazon.com/dp/B0BHZXPXW9?tag=eloabder-20&linkCode=osi&th=1&psc=1"><img src="https://m.media-amazon.com/images/I/51gioz5VnSL._SL500_.jpg" alt="Product Image"></a><p>MSUPSAV Gardening Gloves for Gardening,Synthetic Leather Garden Gloves,Work Gloves with Touch Screen,Best Gifts for Women,Green, Medium</p><p>$11.99</p><a href="https://www.amazon.com/dp/B0BHZXPXW9?tag=eloabder-20&linkCode=osi&th=1&psc=1">View Product</a></div><div class="product"><a href="https://www.amazon.com/dp/B0B5RFV1BK?tag=eloabder-20&linkCode=osi&th=1&psc=1"><img src="https://m.media-amazon.com/images/I/51bX+IeFx+L._SL500_.jpg" alt="Product Image"></a><p>MSUPSAV Genuine Leather Gardening Gloves,Thornproof & Puncture Resistant Garden Gloves,Gardening Gloves for Women,Long Garden Gloves,Rose Gloves,Garden Gifts(Small, Tuilp)</p><p>$15.99</p><a href="https://www.amazon.com/dp/B0B5RFV1BK?tag=eloabder-20&linkCode=osi&th=1&psc=1">View Product</a></div>
<div class="product"><a href="https://www.amazon.com/dp/B0D149L1VC?tag=eloabder-20&linkCode=osi&th=1&psc=1"><img src="https://m.media-amazon.com/images/I/41RVIeji+QL._SL500_.jpg" alt="Product Image"></a><p>HLDD HANDLANDY Gardening Gloves Long Sleeve for Women and Men Leather Garden Gloves for Yard & Outdoor Work, Golden Yellow, XL</p><p>$15.98</p><a href="https://www.amazon.com/dp/B0D149L1VC?tag=eloabder-20&linkCode=osi&th=1&psc=1">View Product</a></div>























































<div class="product"><a href="https://www.amazon.com/dp/B0071E1YJO?tag=eloabder-20&linkCode=osi&th=1&psc=1"><img src="https://m.media-amazon.com/images/I/41uUMfglltL._SL500_.jpg" alt="Product Image"></a><p>Miracle-Gro Leaf Shine, 8-Ounce Green</p><p>$8.48 ($1.06 / Fl Oz)</p><a href="https://www.amazon.com/dp/B0071E1YJO?tag=eloabder-20&linkCode=osi&th=1&psc=1">View Product</a></div><div class="product"><a href="https://www.amazon.com/dp/B08B5VSV97?tag=eloabder-20&linkCode=osi&th=1&psc=1"><img src="https://m.media-amazon.com/images/I/51EIcCei5HL._SL500_.jpg" alt="Product Image"></a><p>40 Pack Fungus Gnat Traps for House Indoor Yellow Sticky Traps for Gnats Sticky Traps for Plants, Dual-Sided Fungus Gnat Sticky Traps Fruit Fly Traps for Indoors</p><p>$7.99 ($0.20 / Count)</p><a href="https://www.amazon.com/dp/B08B5VSV97?tag=eloabder-20&linkCode=osi&th=1&psc=1">View Product</a></div><div class="product"><a href="https://www.amazon.com/dp/B000BX1HKI?tag=eloabder-20&linkCode=osi&th=1&psc=1"><img src="https://m.media-amazon.com/images/I/41prxVwQnWL._SL500_.jpg" alt="Product Image"></a><p>Bonide Systemic Houseplant Insect Control, 8 oz Ready-to-Use Granules for Indoors and Outdoors, Protects Plants from Insects</p><p>$9.59</p><a href="https://www.amazon.com/dp/B000BX1HKI?tag=eloabder-20&linkCode=osi&th=1&psc=1">View Product</a></div><div class="product"><a href="https://www.amazon.com/dp/B0042YYVYG?tag=eloabder-20&linkCode=osi&th=1&psc=1"><img src="https://m.media-amazon.com/images/I/41I2Q7llZsL._SL500_.jpg" alt="Product Image"></a><p>Miracle-Gro Water Storing Crystals, Helps Prevent Over and Underwatering in Outdoor and Indoor Plants, 12 oz.</p><p>$12.47 ($1.04 / Ounce)</p><a href="https://www.amazon.com/dp/B0042YYVYG?tag=eloabder-20&linkCode=osi&th=1&psc=1">View Product</a></div>

<div class="product"><a href="https://www.amazon.com/dp/B01N4GLFK8?tag=eloabder-20&linkCode=osi&th=1&psc=1"><img src="https://m.media-amazon.com/images/I/41fBBp7X+-L._SL500_.jpg" alt="Product Image"></a><p>Miracle-Gro Shake 'N Feed All Purpose Plant Food, 4.5 lbs, Covers up to 180 sq. ft.</p><p>$15.59 ($0.22 / Ounce)</p><a href="https://www.amazon.com/dp/B01N4GLFK8?tag=eloabder-20&linkCode=osi&th=1&psc=1">View Product</a></div><div class="product"><a href="https://www.amazon.com/dp/B0B9ZNJSPM?tag=eloabder-20&linkCode=osi&th=1&psc=1"><img src="https://m.media-amazon.com/images/I/41DukAXydjL._SL500_.jpg" alt="Product Image"></a><p>Southern Ag All Purpose Granular Fertilizer 10-10-10, 5 LB Size: 5 LB</p><p>$19.49 ($0.24 / Ounce)</p><a href="https://www.amazon.com/dp/B0B9ZNJSPM?tag=eloabder-20&linkCode=osi&th=1&psc=1">View Product</a></div><div class="product"><a href="https://www.amazon.com/dp/B000OWF7YI?tag=eloabder-20&linkCode=osi&th=1&psc=1"><img src="https://m.media-amazon.com/images/I/41XbL-vFMOS._SL500_.jpg" alt="Product Image"></a><p>Miracle-Gro Water Soluble All Purpose Plant Food, Fertilizer for Indoor or Outdoor Flowers, Vegetables or Trees, 10 lbs.</p><p>$31.97 ($0.20 / Ounce)</p><a href="https://www.amazon.com/dp/B000OWF7YI?tag=eloabder-20&linkCode=osi&th=1&psc=1">View Product</a></div><div class="product"><a href="https://www.amazon.com/dp/B00GTDGMHC?tag=eloabder-20&linkCode=osi&th=1&psc=1"><img src="https://m.media-amazon.com/images/I/51IUnCYh7WL._SL500_.jpg" alt="Product Image"></a><p>Osmocote Smart-Release Plant Food Plus Outdoor & Indoor, 8 lb.</p><p>$34.99 ($0.27 / Ounce)</p><a href="https://www.amazon.com/dp/B00GTDGMHC?tag=eloabder-20&linkCode=osi&th=1&psc=1">View Product</a></div><div class="product"><a href="https://www.amazon.com/dp/B000RNCKQ2?tag=eloabder-20&linkCode=osi&th=1&psc=1"><img src="https://m.media-amazon.com/images/I/41LZGPjfZqL._SL500_.jpg" alt="Product Image"></a><p>Miracle-Gro Pour & Feed Plant Food, Fertilizer Instantly Feeds Live Plants, For Outdoor & Indoor Plants in Containers, 32 oz.</p><p>$8.59 ($0.27 / Fl Oz)</p><a href="https://www.amazon.com/dp/B000RNCKQ2?tag=eloabder-20&linkCode=osi&th=1&psc=1">View Product</a></div><div class="product"><a href="https://www.amazon.com/dp/B00GTDGWAY?tag=eloabder-20&linkCode=osi&th=1&psc=1"><img src="https://m.media-amazon.com/images/I/41LSzOsNrmL._SL500_.jpg" alt="Product Image"></a><p>Scotts Super Bloom Water Soluble Plant Food, 2 lb - NPK 12-55-6 - Fertilizer for Outdoor Flowers, Fruiting Plants, Containers and Bed Areas - Feeds Plants Instantly</p><p>$13.60 ($0.42 / Ounce)</p><a href="https://www.amazon.com/dp/B00GTDGWAY?tag=eloabder-20&linkCode=osi&th=1&psc=1">View Product</a></div>
<div class="product"><a href="https://www.amazon.com/dp/B0BZJN2R32?tag=eloabder-20&linkCode=osi&th=1&psc=1"><img src="https://m.media-amazon.com/images/I/31VnEDv5y9L._SL500_.jpg" alt="Product Image"></a><p>ENVU - Tempo SC Ultra For Insects - 240ml</p><p>$46.86</p><a href="https://www.amazon.com/dp/B0BZJN2R32?tag=eloabder-20&linkCode=osi&th=1&psc=1">View Product</a></div><div class="product"><a href="https://www.amazon.com/dp/B01N7KSXHX?tag=eloabder-20&linkCode=osi&th=1&psc=1"><img src="https://m.media-amazon.com/images/I/41KRb4CLxyL._SL500_.jpg" alt="Product Image"></a><p>Ortho Home Defense Insect Killer for Indoor & Perimeter2 with Comfort Wand, Controls Ants, Roaches, and Spiders, 1.1 gal., 1 Pack</p><p>$15.99</p><a href="https://www.amazon.com/dp/B01N7KSXHX?tag=eloabder-20&linkCode=osi&th=1&psc=1">View Product</a></div><div class="product"><a href="https://www.amazon.com/dp/B0C1Q39Q9R?tag=eloabder-20&linkCode=osi&th=1&psc=1"><img src="https://m.media-amazon.com/images/I/31JB4VLVutL._SL500_.jpg" alt="Product Image"></a><p>Talak 7.9% Indoor/Outdoor Insect Control - Bifenthrin Concentrate (32 Ounce) by Atticus</p><p>$27.99</p><a href="https://www.amazon.com/dp/B0C1Q39Q9R?tag=eloabder-20&linkCode=osi&th=1&psc=1">View Product</a></div><div class="product"><a href="https://www.amazon.com/dp/B0C83WSDGV?tag=eloabder-20&linkCode=osi&th=1&psc=1"><img src="https://m.media-amazon.com/images/I/41nc5OmDkcL._SL500_.jpg" alt="Product Image"></a><p>Talak 7.9% Indoor/Outdoor Insect Control - Bifenthrin Concentrate (1 GAL) by Atticus</p><p>$56.99</p><a href="https://www.amazon.com/dp/B0C83WSDGV?tag=eloabder-20&linkCode=osi&th=1&psc=1">View Product</a></div><div class="product"><a href="https://www.amazon.com/dp/B00555SR9Q?tag=eloabder-20&linkCode=osi&th=1&psc=1"><img src="https://m.media-amazon.com/images/I/419E9atuhzL._SL500_.jpg" alt="Product Image"></a><p>Syngenta 070294125000 Demon Max Insecticide, Yellowish</p><p>$33.95</p><a href="https://www.amazon.com/dp/B00555SR9Q?tag=eloabder-20&linkCode=osi&th=1&psc=1">View Product</a></div><div class="product"><a href="https://www.amazon.com/dp/B002Y6BC1O?tag=eloabder-20&linkCode=osi&th=1&psc=1"><img src="https://m.media-amazon.com/images/I/41MxLEq25RL._SL500_.jpg" alt="Product Image"></a><p>Syngenta 73654 Demand CS Insecticide, 8oz, Beige</p><p>$39.05</p><a href="https://www.amazon.com/dp/B002Y6BC1O?tag=eloabder-20&linkCode=osi&th=1&psc=1">View Product</a></div><div class="product"><a href="https://www.amazon.com/dp/B0CR1R792Q?tag=eloabder-20&linkCode=osi&th=1&psc=1"><img src="https://m.media-amazon.com/images/I/31XVwzdlQoL._SL500_.jpg" alt="Product Image"></a><p>Tirade Ultra SC Insecticide by Atticus - Compare to The Leading Brand - Beta-Cyfluthrin Pest Control for Indoor and Outdoor Use (240 ML)</p><p>$44.99</p><a href="https://www.amazon.com/dp/B0CR1R792Q?tag=eloabder-20&linkCode=osi&th=1&psc=1">View Product</a></div><div class="product"><a href="https://www.amazon.com/dp/B00FN3P8LU?tag=eloabder-20&linkCode=osi&th=1&psc=1"><img src="https://m.media-amazon.com/images/I/41c9oWdbOpL._SL500_.jpg" alt="Product Image"></a><p>Spectracide Concentrate Triazicide Lawn & Landscapes Insect Killer, 40 oz, Black</p><p>$8.98 ($0.22 / Fl Oz)</p><a href="https://www.amazon.com/dp/B00FN3P8LU?tag=eloabder-20&linkCode=osi&th=1&psc=1">View Product</a></div><div class="product"><a href="https://www.amazon.com/dp/B07RLS91C9?tag=eloabder-20&linkCode=osi&th=1&psc=1"><img src="https://m.media-amazon.com/images/I/41LdMyqibdL._SL500_.jpg" alt="Product Image"></a><p>Bayer 80035225 Polyzone Suspend Pint Insecticide 16_ounce</p><p>$58.49</p><a href="https://www.amazon.com/dp/B07RLS91C9?tag=eloabder-20&linkCode=osi&th=1&psc=1">View Product</a></div>
<div class="product"><a href="https://www.amazon.com/dp/B06XGL8R89?tag=eloabder-20&linkCode=osi&th=1&psc=1"><img src="https://m.media-amazon.com/images/I/412LuMRZ5EL._SL500_.jpg" alt="Product Image"></a><p>Trapper Max Glue Traps 12 Glue Boards Trap Mouse Bugs Insects Bed Bugs Spiders Cockroaches Non-Toxic</p><p>$9.25 ($0.77 / Count)</p><a href="https://www.amazon.com/dp/B06XGL8R89?tag=eloabder-20&linkCode=osi&th=1&psc=1">View Product</a></div><div class="product"><a href="https://www.amazon.com/dp/B003ORTFH0?tag=eloabder-20&linkCode=osi&th=1&psc=1"><img src="https://m.media-amazon.com/images/I/31c-Ziw55xL._SL500_.jpg" alt="Product Image"></a><p>Max Catch 72 Pack Professional Strength - Mouse, Rat & Pest Glue Scented Sticky Trap for Rodents and Insects - Ready to Use Indoors - Non Toxic, No Mess, Easy Cleanup Mice Trap by Catchmaster</p><p>$26.99 ($0.37 / Count)</p><a href="https://www.amazon.com/dp/B003ORTFH0?tag=eloabder-20&linkCode=osi&th=1&psc=1">View Product</a></div><div class="product"><a href="https://www.amazon.com/dp/B00LW21RNY?tag=eloabder-20&linkCode=osi&th=1&psc=1"><img src="https://m.media-amazon.com/images/I/4123fr-WvoL._SL500_.jpg" alt="Product Image"></a><p>Catchmaster Spider & Insect Glue Traps 30-Pk (10 Sheets), Adhesive Cockroach Killer Glue Boards, Spider Traps, Cricket Sticky Traps, Indoor Roach Trap for Home, Garage & Shed, Pet Safe Pest Control</p><p>$13.98 ($0.47 / Count)</p><a href="https://www.amazon.com/dp/B00LW21RNY?tag=eloabder-20&linkCode=osi&th=1&psc=1">View Product</a></div><div class="product"><a href="https://www.amazon.com/dp/B005IMZ9K6?tag=eloabder-20&linkCode=osi&th=1&psc=1"><img src="https://m.media-amazon.com/images/I/51puixq5EOL._SL500_.jpg" alt="Product Image"></a><p>Catchmaster Pro Strength Mouse & Insect Glue Boards 60pk Traps Indoor for Home, Adhesive Bug Catcher, Rat & Rodent Sticky Trap, Non Toxic Bulk Pre-Baited Glue Traps, Pet Safe House Pest Control</p><p>$23.05 ($0.38 / Count)</p><a href="https://www.amazon.com/dp/B005IMZ9K6?tag=eloabder-20&linkCode=osi&th=1&psc=1">View Product</a></div><div class="product"><a href="https://www.amazon.com/dp/B07Q697VZK?tag=eloabder-20&linkCode=osi&th=1&psc=1"><img src="https://m.media-amazon.com/images/I/51jPZpEiKAL._SL500_.jpg" alt="Product Image"></a><p>TERRO T3206SR Non-Toxic Indoor Spider, Ant, Cockroach, Centipede, and Crawling Insect Trap - 12 Traps</p><p>$12.62 ($1.05 / Count)</p><a href="https://www.amazon.com/dp/B07Q697VZK?tag=eloabder-20&linkCode=osi&th=1&psc=1">View Product</a></div><div class="product"><a href="https://www.amazon.com/dp/B005IMZ9TC?tag=eloabder-20&linkCode=osi&th=1&psc=1"><img src="https://m.media-amazon.com/images/I/510w06crpTL._SL500_.jpg" alt="Product Image"></a><p>Catchmaster Mouse and Insect Glue Boards, 75-Pack Mouse Traps Indoor for Home, Sticky Pest Control Adhesive for Catching Bugs, Rats & Rodents, Non Toxic Bulk Glue Traps</p><p>$29.98 ($0.40 / Count)</p><a href="https://www.amazon.com/dp/B005IMZ9TC?tag=eloabder-20&linkCode=osi&th=1&psc=1">View Product</a></div><div class="product"><a href="https://www.amazon.com/dp/B00CQ561GY?tag=eloabder-20&linkCode=osi&th=1&psc=1"><img src="https://m.media-amazon.com/images/I/517JUYwBTML._SL500_.jpg" alt="Product Image"></a><p>Catchmaster Killer Pest Control Heavy Duty Glue Trap. Non Toxic Sticky Trap Captures Pests. Ready to Use Packs. Easy to Deploy & Place. (12 Traps, Insect Trap)</p><p>$8.87 ($0.74 / Count)</p><a href="https://www.amazon.com/dp/B00CQ561GY?tag=eloabder-20&linkCode=osi&th=1&psc=1">View Product</a></div><div class="product"><a href="https://www.amazon.com/dp/B083FJZC3M?tag=eloabder-20&linkCode=osi&th=1&psc=1"><img src="https://m.media-amazon.com/images/I/51JWsuE-m+L._SL500_.jpg" alt="Product Image"></a><p>S&T INC. Insect Traps, Brown Recluse, Hobo Spiders, Black Widows, White, 30 Count</p><p>$11.99 ($0.40 / Count)</p><a href="https://www.amazon.com/dp/B083FJZC3M?tag=eloabder-20&linkCode=osi&th=1&psc=1">View Product</a></div><div class="product"><a href="https://www.amazon.com/dp/B00CEEDFS4?tag=eloabder-20&linkCode=osi&th=1&psc=1"><img src="https://m.media-amazon.com/images/I/418YR7Th0dL._SL500_.jpg" alt="Product Image"></a><p>Catchmaster Rat & Mouse Glue Traps 6Pk, Large Bulk Traps, Indoor for Home, Pre-Scented Adhesive Plastic Tray Inside House, Snake, Mice, Spider Pet Safe Pest Control</p><p>$14.38 ($2.40 / Count)</p><a href="https://www.amazon.com/dp/B00CEEDFS4?tag=eloabder-20&linkCode=osi&th=1&psc=1">View Product</a></div><div class="product"><a href="https://www.amazon.com/dp/B0BBRDPFF4?tag=eloabder-20&linkCode=osi&th=1&psc=1"><img src="https://m.media-amazon.com/images/I/61FVxhCy9WL._SL500_.jpg" alt="Product Image"></a><p>Roach Traps Indoor Sticky (18 Pack) - Glue Traps for Roaches Bug Traps with Roach Bait Traps - Long Lasting Non-Toxic Children and Pet Friendly - Trap a Pest</p><p>$9.88 ($0.55 / Count)</p><a href="https://www.amazon.com/dp/B0BBRDPFF4?tag=eloabder-20&linkCode=osi&th=1&psc=1">View Product</a></div>


<div class="product"><a href="https://www.amazon.com/dp/B001D0Y9RG?tag=eloabder-20&linkCode=osi&th=1&psc=1"><img src="https://m.media-amazon.com/images/I/41lQfHTmZVL._SL500_.jpg" alt="Product Image"></a><p>API POND ACCU-CLEAR Pond Water Clarifier 32-Ounce Bottle</p><p>$21.06</p><a href="https://www.amazon.com/dp/B001D0Y9RG?tag=eloabder-20&linkCode=osi&th=1&psc=1">View Product</a></div>

<div class="product"><a href="https://www.amazon.com/dp/B09JSRRXDY?tag=eloabder-20&linkCode=osi&th=1&psc=1"><img src="https://m.media-amazon.com/images/I/51fPlDsp-HL._SL500_.jpg" alt="Product Image"></a><p>Herb Grow Kit, 10 Herb Seeds DIY Garden Starter Kit, Complete Potted Plant Growing Set Including White Pots, Markers, Nutritional Soil, Watering, Clipper for Kitchen Herb</p><p>$29.99</p><a href="https://www.amazon.com/dp/B09JSRRXDY?tag=eloabder-20&linkCode=osi&th=1&psc=1">View Product</a></div>


<div class="product"><a href="https://www.amazon.com/dp/B0BZBTV7FM?tag=eloabder-20&linkCode=osi&th=1&psc=1"><img src="https://m.media-amazon.com/images/I/41rGR7+6sHL._SL500_.jpg" alt="Product Image"></a><p>Fly Fans for Tables, Fly Fan Indoor Outdoor with Holographic Blades, Batteries Powered Fly Fans Outdoor for Picnic, Party, Restaurant, Kitchen, and BBQ, 4 Pack</p><p>$29.99 ($7.50 / Count)</p><a href="https://www.amazon.com/dp/B0BZBTV7FM?tag=eloabder-20&linkCode=osi&th=1&psc=1">View Product</a></div>
<div class="product"><a href="https://www.amazon.com/dp/B01N6706BP?tag=eloabder-20&linkCode=osi&th=1&psc=1"><img src="https://m.media-amazon.com/images/I/51RI47QQRVL._SL500_.jpg" alt="Product Image"></a><p>Gardzen 3-Pack 72 Gallons Garden Bag - Reuseable Heavy Duty Gardening Bags, Lawn Pool Garden Leaf Waste Bag</p><p>$22.99 ($7.66 / Count)</p><a href="https://www.amazon.com/dp/B01N6706BP?tag=eloabder-20&linkCode=osi&th=1&psc=1">View Product</a></div><div class="product"><a href="https://www.amazon.com/dp/B07BR52P26?tag=eloabder-20&linkCode=osi&th=1&psc=1"><img src="https://m.media-amazon.com/images/I/41TsWY51fbL._SL500_.jpg" alt="Product Image"></a><p>SONKIR Soil pH Meter, MS02 3-in-1 Soil Moisture/Light/pH Tester Gardening Tool Kits for Plant Care, Great for Garden, Lawn, Farm, Indoor & Outdoor Use (Green)</p><p>$9.99</p><a href="https://www.amazon.com/dp/B07BR52P26?tag=eloabder-20&linkCode=osi&th=1&psc=1">View Product</a></div>
<div class="product"><a href="https://www.amazon.com/dp/B09S7YL4QV?tag=eloabder-20&linkCode=osi&th=1&psc=1"><img src="https://m.media-amazon.com/images/I/51eFJ8Uv1xL._SL500_.jpg" alt="Product Image"></a><p>Burpee SuperSeed Seed Starting Tray | 36 Cell Reusable Seed Starter Tray | for Starting Vegetable, Flower & Herb Seeds | Indoor Grow Kit for Plant Seedlings | for Germination Success</p><p>$11.97</p><a href="https://www.amazon.com/dp/B09S7YL4QV?tag=eloabder-20&linkCode=osi&th=1&psc=1">View Product</a></div><div class="product"><a href="https://www.amazon.com/dp/B01MU394JM?tag=eloabder-20&linkCode=osi&th=1&psc=1"><img src="https://m.media-amazon.com/images/I/517TE2AFBZL._SL500_.jpg" alt="Product Image"></a><p>Miracle-Gro Shake 'N Feed Tomato, Fruit & Vegetable Plant Food, 1 lb.</p><p>$8.08 ($0.50 / Ounce)</p><a href="https://www.amazon.com/dp/B01MU394JM?tag=eloabder-20&linkCode=osi&th=1&psc=1">View Product</a></div>
<div class="product"><a href="https://www.amazon.com/dp/B09SV8J649?tag=eloabder-20&linkCode=osi&th=1&psc=1"><img src="https://m.media-amazon.com/images/I/51G3IdGm9mL._SL500_.jpg" alt="Product Image"></a><p>Miracle-Gro Women's Nitrile Coated Grip Floral Pattern Gardening Work Gloves, Extreme Comfort, Excellent Grip, Water Resistant, Pink/Purple, Small, (MG37126/WSM)</p><p>$5.99</p><a href="https://www.amazon.com/dp/B09SV8J649?tag=eloabder-20&linkCode=osi&th=1&psc=1">View Product</a></div><div class="product"><a href="https://www.amazon.com/dp/B0BHZXPXW9?tag=eloabder-20&linkCode=osi&th=1&psc=1"><img src="https://m.media-amazon.com/images/I/51gioz5VnSL._SL500_.jpg" alt="Product Image"></a><p>MSUPSAV Gardening Gloves for Gardening,Synthetic Leather Garden Gloves,Work Gloves with Touch Screen,Best Gifts for Women,Green, Medium</p><p>$11.99</p><a href="https://www.amazon.com/dp/B0BHZXPXW9?tag=eloabder-20&linkCode=osi&th=1&psc=1">View Product</a></div><div class="product"><a href="https://www.amazon.com/dp/B0B5RFV1BK?tag=eloabder-20&linkCode=osi&th=1&psc=1"><img src="https://m.media-amazon.com/images/I/51bX+IeFx+L._SL500_.jpg" alt="Product Image"></a><p>MSUPSAV Genuine Leather Gardening Gloves,Thornproof & Puncture Resistant Garden Gloves,Gardening Gloves for Women,Long Garden Gloves,Rose Gloves,Garden Gifts(Small, Tuilp)</p><p>$15.99</p><a href="https://www.amazon.com/dp/B0B5RFV1BK?tag=eloabder-20&linkCode=osi&th=1&psc=1">View Product</a></div>
<div class="product"><a href="https://www.amazon.com/dp/B0D149L1VC?tag=eloabder-20&linkCode=osi&th=1&psc=1"><img src="https://m.media-amazon.com/images/I/41RVIeji+QL._SL500_.jpg" alt="Product Image"></a><p>HLDD HANDLANDY Gardening Gloves Long Sleeve for Women and Men Leather Garden Gloves for Yard & Outdoor Work, Golden Yellow, XL</p><p>$15.98</p><a href="https://www.amazon.com/dp/B0D149L1VC?tag=eloabder-20&linkCode=osi&th=1&psc=1">View Product</a></div>























































<div class="product"><a href="https://www.amazon.com/dp/B0071E1YJO?tag=eloabder-20&linkCode=osi&th=1&psc=1"><img src="https://m.media-amazon.com/images/I/41uUMfglltL._SL500_.jpg" alt="Product Image"></a><p>Miracle-Gro Leaf Shine, 8-Ounce Green</p><p>$8.48 ($1.06 / Fl Oz)</p><a href="https://www.amazon.com/dp/B0071E1YJO?tag=eloabder-20&linkCode=osi&th=1&psc=1">View Product</a></div><div class="product"><a href="https://www.amazon.com/dp/B08B5VSV97?tag=eloabder-20&linkCode=osi&th=1&psc=1"><img src="https://m.media-amazon.com/images/I/51EIcCei5HL._SL500_.jpg" alt="Product Image"></a><p>40 Pack Fungus Gnat Traps for House Indoor Yellow Sticky Traps for Gnats Sticky Traps for Plants, Dual-Sided Fungus Gnat Sticky Traps Fruit Fly Traps for Indoors</p><p>$7.99 ($0.20 / Count)</p><a href="https://www.amazon.com/dp/B08B5VSV97?tag=eloabder-20&linkCode=osi&th=1&psc=1">View Product</a></div><div class="product"><a href="https://www.amazon.com/dp/B000BX1HKI?tag=eloabder-20&linkCode=osi&th=1&psc=1"><img src="https://m.media-amazon.com/images/I/41prxVwQnWL._SL500_.jpg" alt="Product Image"></a><p>Bonide Systemic Houseplant Insect Control, 8 oz Ready-to-Use Granules for Indoors and Outdoors, Protects Plants from Insects</p><p>$9.59</p><a href="https://www.amazon.com/dp/B000BX1HKI?tag=eloabder-20&linkCode=osi&th=1&psc=1">View Product</a></div><div class="product"><a href="https://www.amazon.com/dp/B0042YYVYG?tag=eloabder-20&linkCode=osi&th=1&psc=1"><img src="https://m.media-amazon.com/images/I/41I2Q7llZsL._SL500_.jpg" alt="Product Image"></a><p>Miracle-Gro Water Storing Crystals, Helps Prevent Over and Underwatering in Outdoor and Indoor Plants, 12 oz.</p><p>$12.47 ($1.04 / Ounce)</p><a href="https://www.amazon.com/dp/B0042YYVYG?tag=eloabder-20&linkCode=osi&th=1&psc=1">View Product</a></div>

<div class="product"><a href="https://www.amazon.com/dp/B01N4GLFK8?tag=eloabder-20&linkCode=osi&th=1&psc=1"><img src="https://m.media-amazon.com/images/I/41fBBp7X+-L._SL500_.jpg" alt="Product Image"></a><p>Miracle-Gro Shake 'N Feed All Purpose Plant Food, 4.5 lbs, Covers up to 180 sq. ft.</p><p>$15.59 ($0.22 / Ounce)</p><a href="https://www.amazon.com/dp/B01N4GLFK8?tag=eloabder-20&linkCode=osi&th=1&psc=1">View Product</a></div><div class="product"><a href="https://www.amazon.com/dp/B0B9ZNJSPM?tag=eloabder-20&linkCode=osi&th=1&psc=1"><img src="https://m.media-amazon.com/images/I/41DukAXydjL._SL500_.jpg" alt="Product Image"></a><p>Southern Ag All Purpose Granular Fertilizer 10-10-10, 5 LB Size: 5 LB</p><p>$19.49 ($0.24 / Ounce)</p><a href="https://www.amazon.com/dp/B0B9ZNJSPM?tag=eloabder-20&linkCode=osi&th=1&psc=1">View Product</a></div><div class="product"><a href="https://www.amazon.com/dp/B000OWF7YI?tag=eloabder-20&linkCode=osi&th=1&psc=1"><img src="https://m.media-amazon.com/images/I/41XbL-vFMOS._SL500_.jpg" alt="Product Image"></a><p>Miracle-Gro Water Soluble All Purpose Plant Food, Fertilizer for Indoor or Outdoor Flowers, Vegetables or Trees, 10 lbs.</p><p>$31.97 ($0.20 / Ounce)</p><a href="https://www.amazon.com/dp/B000OWF7YI?tag=eloabder-20&linkCode=osi&th=1&psc=1">View Product</a></div><div class="product"><a href="https://www.amazon.com/dp/B00GTDGMHC?tag=eloabder-20&linkCode=osi&th=1&psc=1"><img src="https://m.media-amazon.com/images/I/51IUnCYh7WL._SL500_.jpg" alt="Product Image"></a><p>Osmocote Smart-Release Plant Food Plus Outdoor & Indoor, 8 lb.</p><p>$34.99 ($0.27 / Ounce)</p><a href="https://www.amazon.com/dp/B00GTDGMHC?tag=eloabder-20&linkCode=osi&th=1&psc=1">View Product</a></div><div class="product"><a href="https://www.amazon.com/dp/B000RNCKQ2?tag=eloabder-20&linkCode=osi&th=1&psc=1"><img src="https://m.media-amazon.com/images/I/41LZGPjfZqL._SL500_.jpg" alt="Product Image"></a><p>Miracle-Gro Pour & Feed Plant Food, Fertilizer Instantly Feeds Live Plants, For Outdoor & Indoor Plants in Containers, 32 oz.</p><p>$8.59 ($0.27 / Fl Oz)</p><a href="https://www.amazon.com/dp/B000RNCKQ2?tag=eloabder-20&linkCode=osi&th=1&psc=1">View Product</a></div><div class="product"><a href="https://www.amazon.com/dp/B00GTDGWAY?tag=eloabder-20&linkCode=osi&th=1&psc=1"><img src="https://m.media-amazon.com/images/I/41LSzOsNrmL._SL500_.jpg" alt="Product Image"></a><p>Scotts Super Bloom Water Soluble Plant Food, 2 lb - NPK 12-55-6 - Fertilizer for Outdoor Flowers, Fruiting Plants, Containers and Bed Areas - Feeds Plants Instantly</p><p>$13.60 ($0.42 / Ounce)</p><a href="https://www.amazon.com/dp/B00GTDGWAY?tag=eloabder-20&linkCode=osi&th=1&psc=1">View Product</a></div>
<div class="product"><a href="https://www.amazon.com/dp/B0BZJN2R32?tag=eloabder-20&linkCode=osi&th=1&psc=1"><img src="https://m.media-amazon.com/images/I/31VnEDv5y9L._SL500_.jpg" alt="Product Image"></a><p>ENVU - Tempo SC Ultra For Insects - 240ml</p><p>$46.86</p><a href="https://www.amazon.com/dp/B0BZJN2R32?tag=eloabder-20&linkCode=osi&th=1&psc=1">View Product</a></div><div class="product"><a href="https://www.amazon.com/dp/B01N7KSXHX?tag=eloabder-20&linkCode=osi&th=1&psc=1"><img src="https://m.media-amazon.com/images/I/41KRb4CLxyL._SL500_.jpg" alt="Product Image"></a><p>Ortho Home Defense Insect Killer for Indoor & Perimeter2 with Comfort Wand, Controls Ants, Roaches, and Spiders, 1.1 gal., 1 Pack</p><p>$15.99</p><a href="https://www.amazon.com/dp/B01N7KSXHX?tag=eloabder-20&linkCode=osi&th=1&psc=1">View Product</a></div><div class="product"><a href="https://www.amazon.com/dp/B0C1Q39Q9R?tag=eloabder-20&linkCode=osi&th=1&psc=1"><img src="https://m.media-amazon.com/images/I/31JB4VLVutL._SL500_.jpg" alt="Product Image"></a><p>Talak 7.9% Indoor/Outdoor Insect Control - Bifenthrin Concentrate (32 Ounce) by Atticus</p><p>$27.99</p><a href="https://www.amazon.com/dp/B0C1Q39Q9R?tag=eloabder-20&linkCode=osi&th=1&psc=1">View Product</a></div><div class="product"><a href="https://www.amazon.com/dp/B0C83WSDGV?tag=eloabder-20&linkCode=osi&th=1&psc=1"><img src="https://m.media-amazon.com/images/I/41nc5OmDkcL._SL500_.jpg" alt="Product Image"></a><p>Talak 7.9% Indoor/Outdoor Insect Control - Bifenthrin Concentrate (1 GAL) by Atticus</p><p>$56.99</p><a href="https://www.amazon.com/dp/B0C83WSDGV?tag=eloabder-20&linkCode=osi&th=1&psc=1">View Product</a></div><div class="product"><a href="https://www.amazon.com/dp/B00555SR9Q?tag=eloabder-20&linkCode=osi&th=1&psc=1"><img src="https://m.media-amazon.com/images/I/419E9atuhzL._SL500_.jpg" alt="Product Image"></a><p>Syngenta 070294125000 Demon Max Insecticide, Yellowish</p><p>$33.95</p><a href="https://www.amazon.com/dp/B00555SR9Q?tag=eloabder-20&linkCode=osi&th=1&psc=1">View Product</a></div><div class="product"><a href="https://www.amazon.com/dp/B002Y6BC1O?tag=eloabder-20&linkCode=osi&th=1&psc=1"><img src="https://m.media-amazon.com/images/I/41MxLEq25RL._SL500_.jpg" alt="Product Image"></a><p>Syngenta 73654 Demand CS Insecticide, 8oz, Beige</p><p>$39.05</p><a href="https://www.amazon.com/dp/B002Y6BC1O?tag=eloabder-20&linkCode=osi&th=1&psc=1">View Product</a></div><div class="product"><a href="https://www.amazon.com/dp/B0CR1R792Q?tag=eloabder-20&linkCode=osi&th=1&psc=1"><img src="https://m.media-amazon.com/images/I/31XVwzdlQoL._SL500_.jpg" alt="Product Image"></a><p>Tirade Ultra SC Insecticide by Atticus - Compare to The Leading Brand - Beta-Cyfluthrin Pest Control for Indoor and Outdoor Use (240 ML)</p><p>$44.99</p><a href="https://www.amazon.com/dp/B0CR1R792Q?tag=eloabder-20&linkCode=osi&th=1&psc=1">View Product</a></div><div class="product"><a href="https://www.amazon.com/dp/B00FN3P8LU?tag=eloabder-20&linkCode=osi&th=1&psc=1"><img src="https://m.media-amazon.com/images/I/41c9oWdbOpL._SL500_.jpg" alt="Product Image"></a><p>Spectracide Concentrate Triazicide Lawn & Landscapes Insect Killer, 40 oz, Black</p><p>$8.98 ($0.22 / Fl Oz)</p><a href="https://www.amazon.com/dp/B00FN3P8LU?tag=eloabder-20&linkCode=osi&th=1&psc=1">View Product</a></div><div class="product"><a href="https://www.amazon.com/dp/B07RLS91C9?tag=eloabder-20&linkCode=osi&th=1&psc=1"><img src="https://m.media-amazon.com/images/I/41LdMyqibdL._SL500_.jpg" alt="Product Image"></a><p>Bayer 80035225 Polyzone Suspend Pint Insecticide 16_ounce</p><p>$58.49</p><a href="https://www.amazon.com/dp/B07RLS91C9?tag=eloabder-20&linkCode=osi&th=1&psc=1">View Product</a></div>
<div class="product"><a href="https://www.amazon.com/dp/B06XGL8R89?tag=eloabder-20&linkCode=osi&th=1&psc=1"><img src="https://m.media-amazon.com/images/I/412LuMRZ5EL._SL500_.jpg" alt="Product Image"></a><p>Trapper Max Glue Traps 12 Glue Boards Trap Mouse Bugs Insects Bed Bugs Spiders Cockroaches Non-Toxic</p><p>$9.25 ($0.77 / Count)</p><a href="https://www.amazon.com/dp/B06XGL8R89?tag=eloabder-20&linkCode=osi&th=1&psc=1">View Product</a></div><div class="product"><a href="https://www.amazon.com/dp/B003ORTFH0?tag=eloabder-20&linkCode=osi&th=1&psc=1"><img src="https://m.media-amazon.com/images/I/31c-Ziw55xL._SL500_.jpg" alt="Product Image"></a><p>Max Catch 72 Pack Professional Strength - Mouse, Rat & Pest Glue Scented Sticky Trap for Rodents and Insects - Ready to Use Indoors - Non Toxic, No Mess, Easy Cleanup Mice Trap by Catchmaster</p><p>$26.99 ($0.37 / Count)</p><a href="https://www.amazon.com/dp/B003ORTFH0?tag=eloabder-20&linkCode=osi&th=1&psc=1">View Product</a></div><div class="product"><a href="https://www.amazon.com/dp/B00LW21RNY?tag=eloabder-20&linkCode=osi&th=1&psc=1"><img src="https://m.media-amazon.com/images/I/4123fr-WvoL._SL500_.jpg" alt="Product Image"></a><p>Catchmaster Spider & Insect Glue Traps 30-Pk (10 Sheets), Adhesive Cockroach Killer Glue Boards, Spider Traps, Cricket Sticky Traps, Indoor Roach Trap for Home, Garage & Shed, Pet Safe Pest Control</p><p>$13.98 ($0.47 / Count)</p><a href="https://www.amazon.com/dp/B00LW21RNY?tag=eloabder-20&linkCode=osi&th=1&psc=1">View Product</a></div><div class="product"><a href="https://www.amazon.com/dp/B005IMZ9K6?tag=eloabder-20&linkCode=osi&th=1&psc=1"><img src="https://m.media-amazon.com/images/I/51puixq5EOL._SL500_.jpg" alt="Product Image"></a><p>Catchmaster Pro Strength Mouse & Insect Glue Boards 60pk Traps Indoor for Home, Adhesive Bug Catcher, Rat & Rodent Sticky Trap, Non Toxic Bulk Pre-Baited Glue Traps, Pet Safe House Pest Control</p><p>$23.05 ($0.38 / Count)</p><a href="https://www.amazon.com/dp/B005IMZ9K6?tag=eloabder-20&linkCode=osi&th=1&psc=1">View Product</a></div><div class="product"><a href="https://www.amazon.com/dp/B07Q697VZK?tag=eloabder-20&linkCode=osi&th=1&psc=1"><img src="https://m.media-amazon.com/images/I/51jPZpEiKAL._SL500_.jpg" alt="Product Image"></a><p>TERRO T3206SR Non-Toxic Indoor Spider, Ant, Cockroach, Centipede, and Crawling Insect Trap - 12 Traps</p><p>$12.62 ($1.05 / Count)</p><a href="https://www.amazon.com/dp/B07Q697VZK?tag=eloabder-20&linkCode=osi&th=1&psc=1">View Product</a></div><div class="product"><a href="https://www.amazon.com/dp/B005IMZ9TC?tag=eloabder-20&linkCode=osi&th=1&psc=1"><img src="https://m.media-amazon.com/images/I/510w06crpTL._SL500_.jpg" alt="Product Image"></a><p>Catchmaster Mouse and Insect Glue Boards, 75-Pack Mouse Traps Indoor for Home, Sticky Pest Control Adhesive for Catching Bugs, Rats & Rodents, Non Toxic Bulk Glue Traps</p><p>$29.98 ($0.40 / Count)</p><a href="https://www.amazon.com/dp/B005IMZ9TC?tag=eloabder-20&linkCode=osi&th=1&psc=1">View Product</a></div><div class="product"><a href="https://www.amazon.com/dp/B00CQ561GY?tag=eloabder-20&linkCode=osi&th=1&psc=1"><img src="https://m.media-amazon.com/images/I/517JUYwBTML._SL500_.jpg" alt="Product Image"></a><p>Catchmaster Killer Pest Control Heavy Duty Glue Trap. Non Toxic Sticky Trap Captures Pests. Ready to Use Packs. Easy to Deploy & Place. (12 Traps, Insect Trap)</p><p>$8.87 ($0.74 / Count)</p><a href="https://www.amazon.com/dp/B00CQ561GY?tag=eloabder-20&linkCode=osi&th=1&psc=1">View Product</a></div><div class="product"><a href="https://www.amazon.com/dp/B083FJZC3M?tag=eloabder-20&linkCode=osi&th=1&psc=1"><img src="https://m.media-amazon.com/images/I/51JWsuE-m+L._SL500_.jpg" alt="Product Image"></a><p>S&T INC. Insect Traps, Brown Recluse, Hobo Spiders, Black Widows, White, 30 Count</p><p>$11.99 ($0.40 / Count)</p><a href="https://www.amazon.com/dp/B083FJZC3M?tag=eloabder-20&linkCode=osi&th=1&psc=1">View Product</a></div><div class="product"><a href="https://www.amazon.com/dp/B00CEEDFS4?tag=eloabder-20&linkCode=osi&th=1&psc=1"><img src="https://m.media-amazon.com/images/I/418YR7Th0dL._SL500_.jpg" alt="Product Image"></a><p>Catchmaster Rat & Mouse Glue Traps 6Pk, Large Bulk Traps, Indoor for Home, Pre-Scented Adhesive Plastic Tray Inside House, Snake, Mice, Spider Pet Safe Pest Control</p><p>$14.38 ($2.40 / Count)</p><a href="https://www.amazon.com/dp/B00CEEDFS4?tag=eloabder-20&linkCode=osi&th=1&psc=1">View Product</a></div><div class="product"><a href="https://www.amazon.com/dp/B0BBRDPFF4?tag=eloabder-20&linkCode=osi&th=1&psc=1"><img src="https://m.media-amazon.com/images/I/61FVxhCy9WL._SL500_.jpg" alt="Product Image"></a><p>Roach Traps Indoor Sticky (18 Pack) - Glue Traps for Roaches Bug Traps with Roach Bait Traps - Long Lasting Non-Toxic Children and Pet Friendly - Trap a Pest</p><p>$9.88 ($0.55 / Count)</p><a href="https://www.amazon.com/dp/B0BBRDPFF4?tag=eloabder-20&linkCode=osi&th=1&psc=1">View Product</a></div>


<div class="product"><a href="https://www.amazon.com/dp/B001D0Y9RG?tag=eloabder-20&linkCode=osi&th=1&psc=1"><img src="https://m.media-amazon.com/images/I/41lQfHTmZVL._SL500_.jpg" alt="Product Image"></a><p>API POND ACCU-CLEAR Pond Water Clarifier 32-Ounce Bottle</p><p>$21.06</p><a href="https://www.amazon.com/dp/B001D0Y9RG?tag=eloabder-20&linkCode=osi&th=1&psc=1">View Product</a></div>

<div class="product"><a href="https://www.amazon.com/dp/B09JSRRXDY?tag=eloabder-20&linkCode=osi&th=1&psc=1"><img src="https://m.media-amazon.com/images/I/51fPlDsp-HL._SL500_.jpg" alt="Product Image"></a><p>Herb Grow Kit, 10 Herb Seeds DIY Garden Starter Kit, Complete Potted Plant Growing Set Including White Pots, Markers, Nutritional Soil, Watering, Clipper for Kitchen Herb</p><p>$29.99</p><a href="https://www.amazon.com/dp/B09JSRRXDY?tag=eloabder-20&linkCode=osi&th=1&psc=1">View Product</a></div>



<div class="product"><a href="https://www.amazon.com/dp/B0BZBTV7FM?tag=eloabder-20&linkCode=osi&th=1&psc=1"><img src="https://m.media-amazon.com/images/I/41rGR7+6sHL._SL500_.jpg" alt="Product Image"></a><p>Fly Fans for Tables, Fly Fan Indoor Outdoor with Holographic Blades, Batteries Powered Fly Fans Outdoor for Picnic, Party, Restaurant, Kitchen, and BBQ, 4 Pack</p><p>$29.99 ($7.50 / Count)</p><a href="https://www.amazon.com/dp/B0BZBTV7FM?tag=eloabder-20&linkCode=osi&th=1&psc=1">View Product</a></div>
<div class="product"><a href="https://www.amazon.com/dp/B01N6706BP?tag=eloabder-20&linkCode=osi&th=1&psc=1"><img src="https://m.media-amazon.com/images/I/51RI47QQRVL._SL500_.jpg" alt="Product Image"></a><p>Gardzen 3-Pack 72 Gallons Garden Bag - Reuseable Heavy Duty Gardening Bags, Lawn Pool Garden Leaf Waste Bag</p><p>$22.99 ($7.66 / Count)</p><a href="https://www.amazon.com/dp/B01N6706BP?tag=eloabder-20&linkCode=osi&th=1&psc=1">View Product</a></div><div class="product"><a href="https://www.amazon.com/dp/B07BR52P26?tag=eloabder-20&linkCode=osi&th=1&psc=1"><img src="https://m.media-amazon.com/images/I/41TsWY51fbL._SL500_.jpg" alt="Product Image"></a><p>SONKIR Soil pH Meter, MS02 3-in-1 Soil Moisture/Light/pH Tester Gardening Tool Kits for Plant Care, Great for Garden, Lawn, Farm, Indoor & Outdoor Use (Green)</p><p>$9.99</p><a href="https://www.amazon.com/dp/B07BR52P26?tag=eloabder-20&linkCode=osi&th=1&psc=1">View Product</a></div>
<div class="product"><a href="https://www.amazon.com/dp/B09S7YL4QV?tag=eloabder-20&linkCode=osi&th=1&psc=1"><img src="https://m.media-amazon.com/images/I/51eFJ8Uv1xL._SL500_.jpg" alt="Product Image"></a><p>Burpee SuperSeed Seed Starting Tray | 36 Cell Reusable Seed Starter Tray | for Starting Vegetable, Flower & Herb Seeds | Indoor Grow Kit for Plant Seedlings | for Germination Success</p><p>$11.97</p><a href="https://www.amazon.com/dp/B09S7YL4QV?tag=eloabder-20&linkCode=osi&th=1&psc=1">View Product</a></div><div class="product"><a href="https://www.amazon.com/dp/B01MU394JM?tag=eloabder-20&linkCode=osi&th=1&psc=1"><img src="https://m.media-amazon.com/images/I/517TE2AFBZL._SL500_.jpg" alt="Product Image"></a><p>Miracle-Gro Shake 'N Feed Tomato, Fruit & Vegetable Plant Food, 1 lb.</p><p>$8.08 ($0.50 / Ounce)</p><a href="https://www.amazon.com/dp/B01MU394JM?tag=eloabder-20&linkCode=osi&th=1&psc=1">View Product</a></div>
<div class="product"><a href="https://www.amazon.com/dp/B09SV8J649?tag=eloabder-20&linkCode=osi&th=1&psc=1"><img src="https://m.media-amazon.com/images/I/51G3IdGm9mL._SL500_.jpg" alt="Product Image"></a><p>Miracle-Gro Women's Nitrile Coated Grip Floral Pattern Gardening Work Gloves, Extreme Comfort, Excellent Grip, Water Resistant, Pink/Purple, Small, (MG37126/WSM)</p><p>$5.99</p><a href="https://www.amazon.com/dp/B09SV8J649?tag=eloabder-20&linkCode=osi&th=1&psc=1">View Product</a></div><div class="product"><a href="https://www.amazon.com/dp/B0BHZXPXW9?tag=eloabder-20&linkCode=osi&th=1&psc=1"><img src="https://m.media-amazon.com/images/I/51gioz5VnSL._SL500_.jpg" alt="Product Image"></a><p>MSUPSAV Gardening Gloves for Gardening,Synthetic Leather Garden Gloves,Work Gloves with Touch Screen,Best Gifts for Women,Green, Medium</p><p>$11.99</p><a href="https://www.amazon.com/dp/B0BHZXPXW9?tag=eloabder-20&linkCode=osi&th=1&psc=1">View Product</a></div><div class="product"><a href="https://www.amazon.com/dp/B0B5RFV1BK?tag=eloabder-20&linkCode=osi&th=1&psc=1"><img src="https://m.media-amazon.com/images/I/51bX+IeFx+L._SL500_.jpg" alt="Product Image"></a><p>MSUPSAV Genuine Leather Gardening Gloves,Thornproof & Puncture Resistant Garden Gloves,Gardening Gloves for Women,Long Garden Gloves,Rose Gloves,Garden Gifts(Small, Tuilp)</p><p>$15.99</p><a href="https://www.amazon.com/dp/B0B5RFV1BK?tag=eloabder-20&linkCode=osi&th=1&psc=1">View Product</a></div>
<div class="product"><a href="https://www.amazon.com/dp/B0D149L1VC?tag=eloabder-20&linkCode=osi&th=1&psc=1"><img src="https://m.media-amazon.com/images/I/41RVIeji+QL._SL500_.jpg" alt="Product Image"></a><p>HLDD HANDLANDY Gardening Gloves Long Sleeve for Women and Men Leather Garden Gloves for Yard & Outdoor Work, Golden Yellow, XL</p><p>$15.98</p><a href="https://www.amazon.com/dp/B0D149L1VC?tag=eloabder-20&linkCode=osi&th=1&psc=1">View Product</a></div>























































<div class="product"><a href="https://www.amazon.com/dp/B0071E1YJO?tag=eloabder-20&linkCode=osi&th=1&psc=1"><img src="https://m.media-amazon.com/images/I/41uUMfglltL._SL500_.jpg" alt="Product Image"></a><p>Miracle-Gro Leaf Shine, 8-Ounce Green</p><p>$8.48 ($1.06 / Fl Oz)</p><a href="https://www.amazon.com/dp/B0071E1YJO?tag=eloabder-20&linkCode=osi&th=1&psc=1">View Product</a></div><div class="product"><a href="https://www.amazon.com/dp/B08B5VSV97?tag=eloabder-20&linkCode=osi&th=1&psc=1"><img src="https://m.media-amazon.com/images/I/51EIcCei5HL._SL500_.jpg" alt="Product Image"></a><p>40 Pack Fungus Gnat Traps for House Indoor Yellow Sticky Traps for Gnats Sticky Traps for Plants, Dual-Sided Fungus Gnat Sticky Traps Fruit Fly Traps for Indoors</p><p>$7.99 ($0.20 / Count)</p><a href="https://www.amazon.com/dp/B08B5VSV97?tag=eloabder-20&linkCode=osi&th=1&psc=1">View Product</a></div><div class="product"><a href="https://www.amazon.com/dp/B000BX1HKI?tag=eloabder-20&linkCode=osi&th=1&psc=1"><img src="https://m.media-amazon.com/images/I/41prxVwQnWL._SL500_.jpg" alt="Product Image"></a><p>Bonide Systemic Houseplant Insect Control, 8 oz Ready-to-Use Granules for Indoors and Outdoors, Protects Plants from Insects</p><p>$9.59</p><a href="https://www.amazon.com/dp/B000BX1HKI?tag=eloabder-20&linkCode=osi&th=1&psc=1">View Product</a></div><div class="product"><a href="https://www.amazon.com/dp/B0042YYVYG?tag=eloabder-20&linkCode=osi&th=1&psc=1"><img src="https://m.media-amazon.com/images/I/41I2Q7llZsL._SL500_.jpg" alt="Product Image"></a><p>Miracle-Gro Water Storing Crystals, Helps Prevent Over and Underwatering in Outdoor and Indoor Plants, 12 oz.</p><p>$12.47 ($1.04 / Ounce)</p><a href="https://www.amazon.com/dp/B0042YYVYG?tag=eloabder-20&linkCode=osi&th=1&psc=1">View Product</a></div>

<div class="product"><a href="https://www.amazon.com/dp/B01N4GLFK8?tag=eloabder-20&linkCode=osi&th=1&psc=1"><img src="https://m.media-amazon.com/images/I/41fBBp7X+-L._SL500_.jpg" alt="Product Image"></a><p>Miracle-Gro Shake 'N Feed All Purpose Plant Food, 4.5 lbs, Covers up to 180 sq. ft.</p><p>$15.59 ($0.22 / Ounce)</p><a href="https://www.amazon.com/dp/B01N4GLFK8?tag=eloabder-20&linkCode=osi&th=1&psc=1">View Product</a></div><div class="product"><a href="https://www.amazon.com/dp/B0B9ZNJSPM?tag=eloabder-20&linkCode=osi&th=1&psc=1"><img src="https://m.media-amazon.com/images/I/41DukAXydjL._SL500_.jpg" alt="Product Image"></a><p>Southern Ag All Purpose Granular Fertilizer 10-10-10, 5 LB Size: 5 LB</p><p>$19.49 ($0.24 / Ounce)</p><a href="https://www.amazon.com/dp/B0B9ZNJSPM?tag=eloabder-20&linkCode=osi&th=1&psc=1">View Product</a></div><div class="product"><a href="https://www.amazon.com/dp/B000OWF7YI?tag=eloabder-20&linkCode=osi&th=1&psc=1"><img src="https://m.media-amazon.com/images/I/41XbL-vFMOS._SL500_.jpg" alt="Product Image"></a><p>Miracle-Gro Water Soluble All Purpose Plant Food, Fertilizer for Indoor or Outdoor Flowers, Vegetables or Trees, 10 lbs.</p><p>$31.97 ($0.20 / Ounce)</p><a href="https://www.amazon.com/dp/B000OWF7YI?tag=eloabder-20&linkCode=osi&th=1&psc=1">View Product</a></div><div class="product"><a href="https://www.amazon.com/dp/B00GTDGMHC?tag=eloabder-20&linkCode=osi&th=1&psc=1"><img src="https://m.media-amazon.com/images/I/51IUnCYh7WL._SL500_.jpg" alt="Product Image"></a><p>Osmocote Smart-Release Plant Food Plus Outdoor & Indoor, 8 lb.</p><p>$34.99 ($0.27 / Ounce)</p><a href="https://www.amazon.com/dp/B00GTDGMHC?tag=eloabder-20&linkCode=osi&th=1&psc=1">View Product</a></div><div class="product"><a href="https://www.amazon.com/dp/B000RNCKQ2?tag=eloabder-20&linkCode=osi&th=1&psc=1"><img src="https://m.media-amazon.com/images/I/41LZGPjfZqL._SL500_.jpg" alt="Product Image"></a><p>Miracle-Gro Pour & Feed Plant Food, Fertilizer Instantly Feeds Live Plants, For Outdoor & Indoor Plants in Containers, 32 oz.</p><p>$8.59 ($0.27 / Fl Oz)</p><a href="https://www.amazon.com/dp/B000RNCKQ2?tag=eloabder-20&linkCode=osi&th=1&psc=1">View Product</a></div><div class="product"><a href="https://www.amazon.com/dp/B00GTDGWAY?tag=eloabder-20&linkCode=osi&th=1&psc=1"><img src="https://m.media-amazon.com/images/I/41LSzOsNrmL._SL500_.jpg" alt="Product Image"></a><p>Scotts Super Bloom Water Soluble Plant Food, 2 lb - NPK 12-55-6 - Fertilizer for Outdoor Flowers, Fruiting Plants, Containers and Bed Areas - Feeds Plants Instantly</p><p>$13.60 ($0.42 / Ounce)</p><a href="https://www.amazon.com/dp/B00GTDGWAY?tag=eloabder-20&linkCode=osi&th=1&psc=1">View Product</a></div>
<div class="product"><a href="https://www.amazon.com/dp/B0BZJN2R32?tag=eloabder-20&linkCode=osi&th=1&psc=1"><img src="https://m.media-amazon.com/images/I/31VnEDv5y9L._SL500_.jpg" alt="Product Image"></a><p>ENVU - Tempo SC Ultra For Insects - 240ml</p><p>$46.86</p><a href="https://www.amazon.com/dp/B0BZJN2R32?tag=eloabder-20&linkCode=osi&th=1&psc=1">View Product</a></div><div class="product"><a href="https://www.amazon.com/dp/B01N7KSXHX?tag=eloabder-20&linkCode=osi&th=1&psc=1"><img src="https://m.media-amazon.com/images/I/41KRb4CLxyL._SL500_.jpg" alt="Product Image"></a><p>Ortho Home Defense Insect Killer for Indoor & Perimeter2 with Comfort Wand, Controls Ants, Roaches, and Spiders, 1.1 gal., 1 Pack</p><p>$15.99</p><a href="https://www.amazon.com/dp/B01N7KSXHX?tag=eloabder-20&linkCode=osi&th=1&psc=1">View Product</a></div><div class="product"><a href="https://www.amazon.com/dp/B0C1Q39Q9R?tag=eloabder-20&linkCode=osi&th=1&psc=1"><img src="https://m.media-amazon.com/images/I/31JB4VLVutL._SL500_.jpg" alt="Product Image"></a><p>Talak 7.9% Indoor/Outdoor Insect Control - Bifenthrin Concentrate (32 Ounce) by Atticus</p><p>$27.99</p><a href="https://www.amazon.com/dp/B0C1Q39Q9R?tag=eloabder-20&linkCode=osi&th=1&psc=1">View Product</a></div><div class="product"><a href="https://www.amazon.com/dp/B0C83WSDGV?tag=eloabder-20&linkCode=osi&th=1&psc=1"><img src="https://m.media-amazon.com/images/I/41nc5OmDkcL._SL500_.jpg" alt="Product Image"></a><p>Talak 7.9% Indoor/Outdoor Insect Control - Bifenthrin Concentrate (1 GAL) by Atticus</p><p>$56.99</p><a href="https://www.amazon.com/dp/B0C83WSDGV?tag=eloabder-20&linkCode=osi&th=1&psc=1">View Product</a></div><div class="product"><a href="https://www.amazon.com/dp/B00555SR9Q?tag=eloabder-20&linkCode=osi&th=1&psc=1"><img src="https://m.media-amazon.com/images/I/419E9atuhzL._SL500_.jpg" alt="Product Image"></a><p>Syngenta 070294125000 Demon Max Insecticide, Yellowish</p><p>$33.95</p><a href="https://www.amazon.com/dp/B00555SR9Q?tag=eloabder-20&linkCode=osi&th=1&psc=1">View Product</a></div><div class="product"><a href="https://www.amazon.com/dp/B002Y6BC1O?tag=eloabder-20&linkCode=osi&th=1&psc=1"><img src="https://m.media-amazon.com/images/I/41MxLEq25RL._SL500_.jpg" alt="Product Image"></a><p>Syngenta 73654 Demand CS Insecticide, 8oz, Beige</p><p>$39.05</p><a href="https://www.amazon.com/dp/B002Y6BC1O?tag=eloabder-20&linkCode=osi&th=1&psc=1">View Product</a></div><div class="product"><a href="https://www.amazon.com/dp/B0CR1R792Q?tag=eloabder-20&linkCode=osi&th=1&psc=1"><img src="https://m.media-amazon.com/images/I/31XVwzdlQoL._SL500_.jpg" alt="Product Image"></a><p>Tirade Ultra SC Insecticide by Atticus - Compare to The Leading Brand - Beta-Cyfluthrin Pest Control for Indoor and Outdoor Use (240 ML)</p><p>$44.99</p><a href="https://www.amazon.com/dp/B0CR1R792Q?tag=eloabder-20&linkCode=osi&th=1&psc=1">View Product</a></div><div class="product"><a href="https://www.amazon.com/dp/B00FN3P8LU?tag=eloabder-20&linkCode=osi&th=1&psc=1"><img src="https://m.media-amazon.com/images/I/41c9oWdbOpL._SL500_.jpg" alt="Product Image"></a><p>Spectracide Concentrate Triazicide Lawn & Landscapes Insect Killer, 40 oz, Black</p><p>$8.98 ($0.22 / Fl Oz)</p><a href="https://www.amazon.com/dp/B00FN3P8LU?tag=eloabder-20&linkCode=osi&th=1&psc=1">View Product</a></div><div class="product"><a href="https://www.amazon.com/dp/B07RLS91C9?tag=eloabder-20&linkCode=osi&th=1&psc=1"><img src="https://m.media-amazon.com/images/I/41LdMyqibdL._SL500_.jpg" alt="Product Image"></a><p>Bayer 80035225 Polyzone Suspend Pint Insecticide 16_ounce</p><p>$58.49</p><a href="https://www.amazon.com/dp/B07RLS91C9?tag=eloabder-20&linkCode=osi&th=1&psc=1">View Product</a></div>
<div class="product"><a href="https://www.amazon.com/dp/B06XGL8R89?tag=eloabder-20&linkCode=osi&th=1&psc=1"><img src="https://m.media-amazon.com/images/I/412LuMRZ5EL._SL500_.jpg" alt="Product Image"></a><p>Trapper Max Glue Traps 12 Glue Boards Trap Mouse Bugs Insects Bed Bugs Spiders Cockroaches Non-Toxic</p><p>$9.25 ($0.77 / Count)</p><a href="https://www.amazon.com/dp/B06XGL8R89?tag=eloabder-20&linkCode=osi&th=1&psc=1">View Product</a></div><div class="product"><a href="https://www.amazon.com/dp/B003ORTFH0?tag=eloabder-20&linkCode=osi&th=1&psc=1"><img src="https://m.media-amazon.com/images/I/31c-Ziw55xL._SL500_.jpg" alt="Product Image"></a><p>Max Catch 72 Pack Professional Strength - Mouse, Rat & Pest Glue Scented Sticky Trap for Rodents and Insects - Ready to Use Indoors - Non Toxic, No Mess, Easy Cleanup Mice Trap by Catchmaster</p><p>$26.99 ($0.37 / Count)</p><a href="https://www.amazon.com/dp/B003ORTFH0?tag=eloabder-20&linkCode=osi&th=1&psc=1">View Product</a></div><div class="product"><a href="https://www.amazon.com/dp/B00LW21RNY?tag=eloabder-20&linkCode=osi&th=1&psc=1"><img src="https://m.media-amazon.com/images/I/4123fr-WvoL._SL500_.jpg" alt="Product Image"></a><p>Catchmaster Spider & Insect Glue Traps 30-Pk (10 Sheets), Adhesive Cockroach Killer Glue Boards, Spider Traps, Cricket Sticky Traps, Indoor Roach Trap for Home, Garage & Shed, Pet Safe Pest Control</p><p>$13.98 ($0.47 / Count)</p><a href="https://www.amazon.com/dp/B00LW21RNY?tag=eloabder-20&linkCode=osi&th=1&psc=1">View Product</a></div><div class="product"><a href="https://www.amazon.com/dp/B005IMZ9K6?tag=eloabder-20&linkCode=osi&th=1&psc=1"><img src="https://m.media-amazon.com/images/I/51puixq5EOL._SL500_.jpg" alt="Product Image"></a><p>Catchmaster Pro Strength Mouse & Insect Glue Boards 60pk Traps Indoor for Home, Adhesive Bug Catcher, Rat & Rodent Sticky Trap, Non Toxic Bulk Pre-Baited Glue Traps, Pet Safe House Pest Control</p><p>$23.05 ($0.38 / Count)</p><a href="https://www.amazon.com/dp/B005IMZ9K6?tag=eloabder-20&linkCode=osi&th=1&psc=1">View Product</a></div><div class="product"><a href="https://www.amazon.com/dp/B07Q697VZK?tag=eloabder-20&linkCode=osi&th=1&psc=1"><img src="https://m.media-amazon.com/images/I/51jPZpEiKAL._SL500_.jpg" alt="Product Image"></a><p>TERRO T3206SR Non-Toxic Indoor Spider, Ant, Cockroach, Centipede, and Crawling Insect Trap - 12 Traps</p><p>$12.62 ($1.05 / Count)</p><a href="https://www.amazon.com/dp/B07Q697VZK?tag=eloabder-20&linkCode=osi&th=1&psc=1">View Product</a></div><div class="product"><a href="https://www.amazon.com/dp/B005IMZ9TC?tag=eloabder-20&linkCode=osi&th=1&psc=1"><img src="https://m.media-amazon.com/images/I/510w06crpTL._SL500_.jpg" alt="Product Image"></a><p>Catchmaster Mouse and Insect Glue Boards, 75-Pack Mouse Traps Indoor for Home, Sticky Pest Control Adhesive for Catching Bugs, Rats & Rodents, Non Toxic Bulk Glue Traps</p><p>$29.98 ($0.40 / Count)</p><a href="https://www.amazon.com/dp/B005IMZ9TC?tag=eloabder-20&linkCode=osi&th=1&psc=1">View Product</a></div><div class="product"><a href="https://www.amazon.com/dp/B00CQ561GY?tag=eloabder-20&linkCode=osi&th=1&psc=1"><img src="https://m.media-amazon.com/images/I/517JUYwBTML._SL500_.jpg" alt="Product Image"></a><p>Catchmaster Killer Pest Control Heavy Duty Glue Trap. Non Toxic Sticky Trap Captures Pests. Ready to Use Packs. Easy to Deploy & Place. (12 Traps, Insect Trap)</p><p>$8.87 ($0.74 / Count)</p><a href="https://www.amazon.com/dp/B00CQ561GY?tag=eloabder-20&linkCode=osi&th=1&psc=1">View Product</a></div><div class="product"><a href="https://www.amazon.com/dp/B083FJZC3M?tag=eloabder-20&linkCode=osi&th=1&psc=1"><img src="https://m.media-amazon.com/images/I/51JWsuE-m+L._SL500_.jpg" alt="Product Image"></a><p>S&T INC. Insect Traps, Brown Recluse, Hobo Spiders, Black Widows, White, 30 Count</p><p>$11.99 ($0.40 / Count)</p><a href="https://www.amazon.com/dp/B083FJZC3M?tag=eloabder-20&linkCode=osi&th=1&psc=1">View Product</a></div><div class="product"><a href="https://www.amazon.com/dp/B00CEEDFS4?tag=eloabder-20&linkCode=osi&th=1&psc=1"><img src="https://m.media-amazon.com/images/I/418YR7Th0dL._SL500_.jpg" alt="Product Image"></a><p>Catchmaster Rat & Mouse Glue Traps 6Pk, Large Bulk Traps, Indoor for Home, Pre-Scented Adhesive Plastic Tray Inside House, Snake, Mice, Spider Pet Safe Pest Control</p><p>$14.38 ($2.40 / Count)</p><a href="https://www.amazon.com/dp/B00CEEDFS4?tag=eloabder-20&linkCode=osi&th=1&psc=1">View Product</a></div><div class="product"><a href="https://www.amazon.com/dp/B0BBRDPFF4?tag=eloabder-20&linkCode=osi&th=1&psc=1"><img src="https://m.media-amazon.com/images/I/61FVxhCy9WL._SL500_.jpg" alt="Product Image"></a><p>Roach Traps Indoor Sticky (18 Pack) - Glue Traps for Roaches Bug Traps with Roach Bait Traps - Long Lasting Non-Toxic Children and Pet Friendly - Trap a Pest</p><p>$9.88 ($0.55 / Count)</p><a href="https://www.amazon.com/dp/B0BBRDPFF4?tag=eloabder-20&linkCode=osi&th=1&psc=1">View Product</a></div>


<div class="product"><a href="https://www.amazon.com/dp/B001D0Y9RG?tag=eloabder-20&linkCode=osi&th=1&psc=1"><img src="https://m.media-amazon.com/images/I/41lQfHTmZVL._SL500_.jpg" alt="Product Image"></a><p>API POND ACCU-CLEAR Pond Water Clarifier 32-Ounce Bottle</p><p>$21.06</p><a href="https://www.amazon.com/dp/B001D0Y9RG?tag=eloabder-20&linkCode=osi&th=1&psc=1">View Product</a></div>

<div class="product"><a href="https://www.amazon.com/dp/B09JSRRXDY?tag=eloabder-20&linkCode=osi&th=1&psc=1"><img src="https://m.media-amazon.com/images/I/51fPlDsp-HL._SL500_.jpg" alt="Product Image"></a><p>Herb Grow Kit, 10 Herb Seeds DIY Garden Starter Kit, Complete Potted Plant Growing Set Including White Pots, Markers, Nutritional Soil, Watering, Clipper for Kitchen Herb</p><p>$29.99</p><a href="https://www.amazon.com/dp/B09JSRRXDY?tag=eloabder-20&linkCode=osi&th=1&psc=1">View Product</a></div>




<div class="product"><a href="https://www.amazon.com/dp/B0BZBTV7FM?tag=eloabder-20&linkCode=osi&th=1&psc=1"><img src="https://m.media-amazon.com/images/I/41rGR7+6sHL._SL500_.jpg" alt="Product Image"></a><p>Fly Fans for Tables, Fly Fan Indoor Outdoor with Holographic Blades, Batteries Powered Fly Fans Outdoor for Picnic, Party, Restaurant, Kitchen, and BBQ, 4 Pack</p><p>$29.99 ($7.50 / Count)</p><a href="https://www.amazon.com/dp/B0BZBTV7FM?tag=eloabder-20&linkCode=osi&th=1&psc=1">View Product</a></div>
<div class="product"><a href="https://www.amazon.com/dp/B01N6706BP?tag=eloabder-20&linkCode=osi&th=1&psc=1"><img src="https://m.media-amazon.com/images/I/51RI47QQRVL._SL500_.jpg" alt="Product Image"></a><p>Gardzen 3-Pack 72 Gallons Garden Bag - Reuseable Heavy Duty Gardening Bags, Lawn Pool Garden Leaf Waste Bag</p><p>$22.99 ($7.66 / Count)</p><a href="https://www.amazon.com/dp/B01N6706BP?tag=eloabder-20&linkCode=osi&th=1&psc=1">View Product</a></div><div class="product"><a href="https://www.amazon.com/dp/B07BR52P26?tag=eloabder-20&linkCode=osi&th=1&psc=1"><img src="https://m.media-amazon.com/images/I/41TsWY51fbL._SL500_.jpg" alt="Product Image"></a><p>SONKIR Soil pH Meter, MS02 3-in-1 Soil Moisture/Light/pH Tester Gardening Tool Kits for Plant Care, Great for Garden, Lawn, Farm, Indoor & Outdoor Use (Green)</p><p>$9.99</p><a href="https://www.amazon.com/dp/B07BR52P26?tag=eloabder-20&linkCode=osi&th=1&psc=1">View Product</a></div>
<div class="product"><a href="https://www.amazon.com/dp/B09S7YL4QV?tag=eloabder-20&linkCode=osi&th=1&psc=1"><img src="https://m.media-amazon.com/images/I/51eFJ8Uv1xL._SL500_.jpg" alt="Product Image"></a><p>Burpee SuperSeed Seed Starting Tray | 36 Cell Reusable Seed Starter Tray | for Starting Vegetable, Flower & Herb Seeds | Indoor Grow Kit for Plant Seedlings | for Germination Success</p><p>$11.97</p><a href="https://www.amazon.com/dp/B09S7YL4QV?tag=eloabder-20&linkCode=osi&th=1&psc=1">View Product</a></div><div class="product"><a href="https://www.amazon.com/dp/B01MU394JM?tag=eloabder-20&linkCode=osi&th=1&psc=1"><img src="https://m.media-amazon.com/images/I/517TE2AFBZL._SL500_.jpg" alt="Product Image"></a><p>Miracle-Gro Shake 'N Feed Tomato, Fruit & Vegetable Plant Food, 1 lb.</p><p>$8.08 ($0.50 / Ounce)</p><a href="https://www.amazon.com/dp/B01MU394JM?tag=eloabder-20&linkCode=osi&th=1&psc=1">View Product</a></div>
<div class="product"><a href="https://www.amazon.com/dp/B09SV8J649?tag=eloabder-20&linkCode=osi&th=1&psc=1"><img src="https://m.media-amazon.com/images/I/51G3IdGm9mL._SL500_.jpg" alt="Product Image"></a><p>Miracle-Gro Women's Nitrile Coated Grip Floral Pattern Gardening Work Gloves, Extreme Comfort, Excellent Grip, Water Resistant, Pink/Purple, Small, (MG37126/WSM)</p><p>$5.99</p><a href="https://www.amazon.com/dp/B09SV8J649?tag=eloabder-20&linkCode=osi&th=1&psc=1">View Product</a></div><div class="product"><a href="https://www.amazon.com/dp/B0BHZXPXW9?tag=eloabder-20&linkCode=osi&th=1&psc=1"><img src="https://m.media-amazon.com/images/I/51gioz5VnSL._SL500_.jpg" alt="Product Image"></a><p>MSUPSAV Gardening Gloves for Gardening,Synthetic Leather Garden Gloves,Work Gloves with Touch Screen,Best Gifts for Women,Green, Medium</p><p>$11.99</p><a href="https://www.amazon.com/dp/B0BHZXPXW9?tag=eloabder-20&linkCode=osi&th=1&psc=1">View Product</a></div><div class="product"><a href="https://www.amazon.com/dp/B0B5RFV1BK?tag=eloabder-20&linkCode=osi&th=1&psc=1"><img src="https://m.media-amazon.com/images/I/51bX+IeFx+L._SL500_.jpg" alt="Product Image"></a><p>MSUPSAV Genuine Leather Gardening Gloves,Thornproof & Puncture Resistant Garden Gloves,Gardening Gloves for Women,Long Garden Gloves,Rose Gloves,Garden Gifts(Small, Tuilp)</p><p>$15.99</p><a href="https://www.amazon.com/dp/B0B5RFV1BK?tag=eloabder-20&linkCode=osi&th=1&psc=1">View Product</a></div>
<div class="product"><a href="https://www.amazon.com/dp/B0D149L1VC?tag=eloabder-20&linkCode=osi&th=1&psc=1"><img src="https://m.media-amazon.com/images/I/41RVIeji+QL._SL500_.jpg" alt="Product Image"></a><p>HLDD HANDLANDY Gardening Gloves Long Sleeve for Women and Men Leather Garden Gloves for Yard & Outdoor Work, Golden Yellow, XL</p><p>$15.98</p><a href="https://www.amazon.com/dp/B0D149L1VC?tag=eloabder-20&linkCode=osi&th=1&psc=1">View Product</a></div>























































<div class="product"><a href="https://www.amazon.com/dp/B0071E1YJO?tag=eloabder-20&linkCode=osi&th=1&psc=1"><img src="https://m.media-amazon.com/images/I/41uUMfglltL._SL500_.jpg" alt="Product Image"></a><p>Miracle-Gro Leaf Shine, 8-Ounce Green</p><p>$8.48 ($1.06 / Fl Oz)</p><a href="https://www.amazon.com/dp/B0071E1YJO?tag=eloabder-20&linkCode=osi&th=1&psc=1">View Product</a></div><div class="product"><a href="https://www.amazon.com/dp/B08B5VSV97?tag=eloabder-20&linkCode=osi&th=1&psc=1"><img src="https://m.media-amazon.com/images/I/51EIcCei5HL._SL500_.jpg" alt="Product Image"></a><p>40 Pack Fungus Gnat Traps for House Indoor Yellow Sticky Traps for Gnats Sticky Traps for Plants, Dual-Sided Fungus Gnat Sticky Traps Fruit Fly Traps for Indoors</p><p>$7.99 ($0.20 / Count)</p><a href="https://www.amazon.com/dp/B08B5VSV97?tag=eloabder-20&linkCode=osi&th=1&psc=1">View Product</a></div><div class="product"><a href="https://www.amazon.com/dp/B000BX1HKI?tag=eloabder-20&linkCode=osi&th=1&psc=1"><img src="https://m.media-amazon.com/images/I/41prxVwQnWL._SL500_.jpg" alt="Product Image"></a><p>Bonide Systemic Houseplant Insect Control, 8 oz Ready-to-Use Granules for Indoors and Outdoors, Protects Plants from Insects</p><p>$9.59</p><a href="https://www.amazon.com/dp/B000BX1HKI?tag=eloabder-20&linkCode=osi&th=1&psc=1">View Product</a></div><div class="product"><a href="https://www.amazon.com/dp/B0042YYVYG?tag=eloabder-20&linkCode=osi&th=1&psc=1"><img src="https://m.media-amazon.com/images/I/41I2Q7llZsL._SL500_.jpg" alt="Product Image"></a><p>Miracle-Gro Water Storing Crystals, Helps Prevent Over and Underwatering in Outdoor and Indoor Plants, 12 oz.</p><p>$12.47 ($1.04 / Ounce)</p><a href="https://www.amazon.com/dp/B0042YYVYG?tag=eloabder-20&linkCode=osi&th=1&psc=1">View Product</a></div>

<div class="product"><a href="https://www.amazon.com/dp/B01N4GLFK8?tag=eloabder-20&linkCode=osi&th=1&psc=1"><img src="https://m.media-amazon.com/images/I/41fBBp7X+-L._SL500_.jpg" alt="Product Image"></a><p>Miracle-Gro Shake 'N Feed All Purpose Plant Food, 4.5 lbs, Covers up to 180 sq. ft.</p><p>$15.59 ($0.22 / Ounce)</p><a href="https://www.amazon.com/dp/B01N4GLFK8?tag=eloabder-20&linkCode=osi&th=1&psc=1">View Product</a></div><div class="product"><a href="https://www.amazon.com/dp/B0B9ZNJSPM?tag=eloabder-20&linkCode=osi&th=1&psc=1"><img src="https://m.media-amazon.com/images/I/41DukAXydjL._SL500_.jpg" alt="Product Image"></a><p>Southern Ag All Purpose Granular Fertilizer 10-10-10, 5 LB Size: 5 LB</p><p>$19.49 ($0.24 / Ounce)</p><a href="https://www.amazon.com/dp/B0B9ZNJSPM?tag=eloabder-20&linkCode=osi&th=1&psc=1">View Product</a></div><div class="product"><a href="https://www.amazon.com/dp/B000OWF7YI?tag=eloabder-20&linkCode=osi&th=1&psc=1"><img src="https://m.media-amazon.com/images/I/41XbL-vFMOS._SL500_.jpg" alt="Product Image"></a><p>Miracle-Gro Water Soluble All Purpose Plant Food, Fertilizer for Indoor or Outdoor Flowers, Vegetables or Trees, 10 lbs.</p><p>$31.97 ($0.20 / Ounce)</p><a href="https://www.amazon.com/dp/B000OWF7YI?tag=eloabder-20&linkCode=osi&th=1&psc=1">View Product</a></div><div class="product"><a href="https://www.amazon.com/dp/B00GTDGMHC?tag=eloabder-20&linkCode=osi&th=1&psc=1"><img src="https://m.media-amazon.com/images/I/51IUnCYh7WL._SL500_.jpg" alt="Product Image"></a><p>Osmocote Smart-Release Plant Food Plus Outdoor & Indoor, 8 lb.</p><p>$34.99 ($0.27 / Ounce)</p><a href="https://www.amazon.com/dp/B00GTDGMHC?tag=eloabder-20&linkCode=osi&th=1&psc=1">View Product</a></div><div class="product"><a href="https://www.amazon.com/dp/B000RNCKQ2?tag=eloabder-20&linkCode=osi&th=1&psc=1"><img src="https://m.media-amazon.com/images/I/41LZGPjfZqL._SL500_.jpg" alt="Product Image"></a><p>Miracle-Gro Pour & Feed Plant Food, Fertilizer Instantly Feeds Live Plants, For Outdoor & Indoor Plants in Containers, 32 oz.</p><p>$8.59 ($0.27 / Fl Oz)</p><a href="https://www.amazon.com/dp/B000RNCKQ2?tag=eloabder-20&linkCode=osi&th=1&psc=1">View Product</a></div><div class="product"><a href="https://www.amazon.com/dp/B00GTDGWAY?tag=eloabder-20&linkCode=osi&th=1&psc=1"><img src="https://m.media-amazon.com/images/I/41LSzOsNrmL._SL500_.jpg" alt="Product Image"></a><p>Scotts Super Bloom Water Soluble Plant Food, 2 lb - NPK 12-55-6 - Fertilizer for Outdoor Flowers, Fruiting Plants, Containers and Bed Areas - Feeds Plants Instantly</p><p>$13.60 ($0.42 / Ounce)</p><a href="https://www.amazon.com/dp/B00GTDGWAY?tag=eloabder-20&linkCode=osi&th=1&psc=1">View Product</a></div>
<div class="product"><a href="https://www.amazon.com/dp/B0BZJN2R32?tag=eloabder-20&linkCode=osi&th=1&psc=1"><img src="https://m.media-amazon.com/images/I/31VnEDv5y9L._SL500_.jpg" alt="Product Image"></a><p>ENVU - Tempo SC Ultra For Insects - 240ml</p><p>$46.86</p><a href="https://www.amazon.com/dp/B0BZJN2R32?tag=eloabder-20&linkCode=osi&th=1&psc=1">View Product</a></div><div class="product"><a href="https://www.amazon.com/dp/B01N7KSXHX?tag=eloabder-20&linkCode=osi&th=1&psc=1"><img src="https://m.media-amazon.com/images/I/41KRb4CLxyL._SL500_.jpg" alt="Product Image"></a><p>Ortho Home Defense Insect Killer for Indoor & Perimeter2 with Comfort Wand, Controls Ants, Roaches, and Spiders, 1.1 gal., 1 Pack</p><p>$15.99</p><a href="https://www.amazon.com/dp/B01N7KSXHX?tag=eloabder-20&linkCode=osi&th=1&psc=1">View Product</a></div><div class="product"><a href="https://www.amazon.com/dp/B0C1Q39Q9R?tag=eloabder-20&linkCode=osi&th=1&psc=1"><img src="https://m.media-amazon.com/images/I/31JB4VLVutL._SL500_.jpg" alt="Product Image"></a><p>Talak 7.9% Indoor/Outdoor Insect Control - Bifenthrin Concentrate (32 Ounce) by Atticus</p><p>$27.99</p><a href="https://www.amazon.com/dp/B0C1Q39Q9R?tag=eloabder-20&linkCode=osi&th=1&psc=1">View Product</a></div><div class="product"><a href="https://www.amazon.com/dp/B0C83WSDGV?tag=eloabder-20&linkCode=osi&th=1&psc=1"><img src="https://m.media-amazon.com/images/I/41nc5OmDkcL._SL500_.jpg" alt="Product Image"></a><p>Talak 7.9% Indoor/Outdoor Insect Control - Bifenthrin Concentrate (1 GAL) by Atticus</p><p>$56.99</p><a href="https://www.amazon.com/dp/B0C83WSDGV?tag=eloabder-20&linkCode=osi&th=1&psc=1">View Product</a></div><div class="product"><a href="https://www.amazon.com/dp/B00555SR9Q?tag=eloabder-20&linkCode=osi&th=1&psc=1"><img src="https://m.media-amazon.com/images/I/419E9atuhzL._SL500_.jpg" alt="Product Image"></a><p>Syngenta 070294125000 Demon Max Insecticide, Yellowish</p><p>$33.95</p><a href="https://www.amazon.com/dp/B00555SR9Q?tag=eloabder-20&linkCode=osi&th=1&psc=1">View Product</a></div><div class="product"><a href="https://www.amazon.com/dp/B002Y6BC1O?tag=eloabder-20&linkCode=osi&th=1&psc=1"><img src="https://m.media-amazon.com/images/I/41MxLEq25RL._SL500_.jpg" alt="Product Image"></a><p>Syngenta 73654 Demand CS Insecticide, 8oz, Beige</p><p>$39.05</p><a href="https://www.amazon.com/dp/B002Y6BC1O?tag=eloabder-20&linkCode=osi&th=1&psc=1">View Product</a></div><div class="product"><a href="https://www.amazon.com/dp/B0CR1R792Q?tag=eloabder-20&linkCode=osi&th=1&psc=1"><img src="https://m.media-amazon.com/images/I/31XVwzdlQoL._SL500_.jpg" alt="Product Image"></a><p>Tirade Ultra SC Insecticide by Atticus - Compare to The Leading Brand - Beta-Cyfluthrin Pest Control for Indoor and Outdoor Use (240 ML)</p><p>$44.99</p><a href="https://www.amazon.com/dp/B0CR1R792Q?tag=eloabder-20&linkCode=osi&th=1&psc=1">View Product</a></div><div class="product"><a href="https://www.amazon.com/dp/B00FN3P8LU?tag=eloabder-20&linkCode=osi&th=1&psc=1"><img src="https://m.media-amazon.com/images/I/41c9oWdbOpL._SL500_.jpg" alt="Product Image"></a><p>Spectracide Concentrate Triazicide Lawn & Landscapes Insect Killer, 40 oz, Black</p><p>$8.98 ($0.22 / Fl Oz)</p><a href="https://www.amazon.com/dp/B00FN3P8LU?tag=eloabder-20&linkCode=osi&th=1&psc=1">View Product</a></div><div class="product"><a href="https://www.amazon.com/dp/B07RLS91C9?tag=eloabder-20&linkCode=osi&th=1&psc=1"><img src="https://m.media-amazon.com/images/I/41LdMyqibdL._SL500_.jpg" alt="Product Image"></a><p>Bayer 80035225 Polyzone Suspend Pint Insecticide 16_ounce</p><p>$58.49</p><a href="https://www.amazon.com/dp/B07RLS91C9?tag=eloabder-20&linkCode=osi&th=1&psc=1">View Product</a></div>
<div class="product"><a href="https://www.amazon.com/dp/B06XGL8R89?tag=eloabder-20&linkCode=osi&th=1&psc=1"><img src="https://m.media-amazon.com/images/I/412LuMRZ5EL._SL500_.jpg" alt="Product Image"></a><p>Trapper Max Glue Traps 12 Glue Boards Trap Mouse Bugs Insects Bed Bugs Spiders Cockroaches Non-Toxic</p><p>$9.25 ($0.77 / Count)</p><a href="https://www.amazon.com/dp/B06XGL8R89?tag=eloabder-20&linkCode=osi&th=1&psc=1">View Product</a></div><div class="product"><a href="https://www.amazon.com/dp/B003ORTFH0?tag=eloabder-20&linkCode=osi&th=1&psc=1"><img src="https://m.media-amazon.com/images/I/31c-Ziw55xL._SL500_.jpg" alt="Product Image"></a><p>Max Catch 72 Pack Professional Strength - Mouse, Rat & Pest Glue Scented Sticky Trap for Rodents and Insects - Ready to Use Indoors - Non Toxic, No Mess, Easy Cleanup Mice Trap by Catchmaster</p><p>$26.99 ($0.37 / Count)</p><a href="https://www.amazon.com/dp/B003ORTFH0?tag=eloabder-20&linkCode=osi&th=1&psc=1">View Product</a></div><div class="product"><a href="https://www.amazon.com/dp/B00LW21RNY?tag=eloabder-20&linkCode=osi&th=1&psc=1"><img src="https://m.media-amazon.com/images/I/4123fr-WvoL._SL500_.jpg" alt="Product Image"></a><p>Catchmaster Spider & Insect Glue Traps 30-Pk (10 Sheets), Adhesive Cockroach Killer Glue Boards, Spider Traps, Cricket Sticky Traps, Indoor Roach Trap for Home, Garage & Shed, Pet Safe Pest Control</p><p>$13.98 ($0.47 / Count)</p><a href="https://www.amazon.com/dp/B00LW21RNY?tag=eloabder-20&linkCode=osi&th=1&psc=1">View Product</a></div><div class="product"><a href="https://www.amazon.com/dp/B005IMZ9K6?tag=eloabder-20&linkCode=osi&th=1&psc=1"><img src="https://m.media-amazon.com/images/I/51puixq5EOL._SL500_.jpg" alt="Product Image"></a><p>Catchmaster Pro Strength Mouse & Insect Glue Boards 60pk Traps Indoor for Home, Adhesive Bug Catcher, Rat & Rodent Sticky Trap, Non Toxic Bulk Pre-Baited Glue Traps, Pet Safe House Pest Control</p><p>$23.05 ($0.38 / Count)</p><a href="https://www.amazon.com/dp/B005IMZ9K6?tag=eloabder-20&linkCode=osi&th=1&psc=1">View Product</a></div><div class="product"><a href="https://www.amazon.com/dp/B07Q697VZK?tag=eloabder-20&linkCode=osi&th=1&psc=1"><img src="https://m.media-amazon.com/images/I/51jPZpEiKAL._SL500_.jpg" alt="Product Image"></a><p>TERRO T3206SR Non-Toxic Indoor Spider, Ant, Cockroach, Centipede, and Crawling Insect Trap - 12 Traps</p><p>$12.62 ($1.05 / Count)</p><a href="https://www.amazon.com/dp/B07Q697VZK?tag=eloabder-20&linkCode=osi&th=1&psc=1">View Product</a></div><div class="product"><a href="https://www.amazon.com/dp/B005IMZ9TC?tag=eloabder-20&linkCode=osi&th=1&psc=1"><img src="https://m.media-amazon.com/images/I/510w06crpTL._SL500_.jpg" alt="Product Image"></a><p>Catchmaster Mouse and Insect Glue Boards, 75-Pack Mouse Traps Indoor for Home, Sticky Pest Control Adhesive for Catching Bugs, Rats & Rodents, Non Toxic Bulk Glue Traps</p><p>$29.98 ($0.40 / Count)</p><a href="https://www.amazon.com/dp/B005IMZ9TC?tag=eloabder-20&linkCode=osi&th=1&psc=1">View Product</a></div><div class="product"><a href="https://www.amazon.com/dp/B00CQ561GY?tag=eloabder-20&linkCode=osi&th=1&psc=1"><img src="https://m.media-amazon.com/images/I/517JUYwBTML._SL500_.jpg" alt="Product Image"></a><p>Catchmaster Killer Pest Control Heavy Duty Glue Trap. Non Toxic Sticky Trap Captures Pests. Ready to Use Packs. Easy to Deploy & Place. (12 Traps, Insect Trap)</p><p>$8.87 ($0.74 / Count)</p><a href="https://www.amazon.com/dp/B00CQ561GY?tag=eloabder-20&linkCode=osi&th=1&psc=1">View Product</a></div><div class="product"><a href="https://www.amazon.com/dp/B083FJZC3M?tag=eloabder-20&linkCode=osi&th=1&psc=1"><img src="https://m.media-amazon.com/images/I/51JWsuE-m+L._SL500_.jpg" alt="Product Image"></a><p>S&T INC. Insect Traps, Brown Recluse, Hobo Spiders, Black Widows, White, 30 Count</p><p>$11.99 ($0.40 / Count)</p><a href="https://www.amazon.com/dp/B083FJZC3M?tag=eloabder-20&linkCode=osi&th=1&psc=1">View Product</a></div><div class="product"><a href="https://www.amazon.com/dp/B00CEEDFS4?tag=eloabder-20&linkCode=osi&th=1&psc=1"><img src="https://m.media-amazon.com/images/I/418YR7Th0dL._SL500_.jpg" alt="Product Image"></a><p>Catchmaster Rat & Mouse Glue Traps 6Pk, Large Bulk Traps, Indoor for Home, Pre-Scented Adhesive Plastic Tray Inside House, Snake, Mice, Spider Pet Safe Pest Control</p><p>$14.38 ($2.40 / Count)</p><a href="https://www.amazon.com/dp/B00CEEDFS4?tag=eloabder-20&linkCode=osi&th=1&psc=1">View Product</a></div><div class="product"><a href="https://www.amazon.com/dp/B0BBRDPFF4?tag=eloabder-20&linkCode=osi&th=1&psc=1"><img src="https://m.media-amazon.com/images/I/61FVxhCy9WL._SL500_.jpg" alt="Product Image"></a><p>Roach Traps Indoor Sticky (18 Pack) - Glue Traps for Roaches Bug Traps with Roach Bait Traps - Long Lasting Non-Toxic Children and Pet Friendly - Trap a Pest</p><p>$9.88 ($0.55 / Count)</p><a href="https://www.amazon.com/dp/B0BBRDPFF4?tag=eloabder-20&linkCode=osi&th=1&psc=1">View Product</a></div>


<div class="product"><a href="https://www.amazon.com/dp/B001D0Y9RG?tag=eloabder-20&linkCode=osi&th=1&psc=1"><img src="https://m.media-amazon.com/images/I/41lQfHTmZVL._SL500_.jpg" alt="Product Image"></a><p>API POND ACCU-CLEAR Pond Water Clarifier 32-Ounce Bottle</p><p>$21.06</p><a href="https://www.amazon.com/dp/B001D0Y9RG?tag=eloabder-20&linkCode=osi&th=1&psc=1">View Product</a></div>

<div class="product"><a href="https://www.amazon.com/dp/B09JSRRXDY?tag=eloabder-20&linkCode=osi&th=1&psc=1"><img src="https://m.media-amazon.com/images/I/51fPlDsp-HL._SL500_.jpg" alt="Product Image"></a><p>Herb Grow Kit, 10 Herb Seeds DIY Garden Starter Kit, Complete Potted Plant Growing Set Including White Pots, Markers, Nutritional Soil, Watering, Clipper for Kitchen Herb</p><p>$29.99</p><a href="https://www.amazon.com/dp/B09JSRRXDY?tag=eloabder-20&linkCode=osi&th=1&psc=1">View Product</a></div>


<div class="product"><a href="https://www.amazon.com/dp/B0D1DS71NK?tag=eloabder-20&linkCode=osi&th=1&psc=1"><img src="https://m.media-amazon.com/images/I/51tRPKXL0bL._SL500_.jpg" alt="Product Image"></a><p>Hortiway 11lbs Premium Coco Coir Brick -100% Organic Coconut Coir for for Plants, Low EC & pH Balance, Natural Compressed Growing Medium, Coconut Core for Gardening Planting & Potting Soil Substrate</p><p>$19.99 ($0.11 / Ounce)</p><a href="https://www.amazon.com/dp/B0D1DS71NK?tag=eloabder-20&linkCode=osi&th=1&psc=1">View Product</a></div>


<div class="product"><a href="https://www.amazon.com/dp/B0BZBTV7FM?tag=eloabder-20&linkCode=osi&th=1&psc=1"><img src="https://m.media-amazon.com/images/I/41rGR7+6sHL._SL500_.jpg" alt="Product Image"></a><p>Fly Fans for Tables, Fly Fan Indoor Outdoor with Holographic Blades, Batteries Powered Fly Fans Outdoor for Picnic, Party, Restaurant, Kitchen, and BBQ, 4 Pack</p><p>$29.99 ($7.50 / Count)</p><a href="https://www.amazon.com/dp/B0BZBTV7FM?tag=eloabder-20&linkCode=osi&th=1&psc=1">View Product</a></div>
<div class="product"><a href="https://www.amazon.com/dp/B01N6706BP?tag=eloabder-20&linkCode=osi&th=1&psc=1"><img src="https://m.media-amazon.com/images/I/51RI47QQRVL._SL500_.jpg" alt="Product Image"></a><p>Gardzen 3-Pack 72 Gallons Garden Bag - Reuseable Heavy Duty Gardening Bags, Lawn Pool Garden Leaf Waste Bag</p><p>$22.99 ($7.66 / Count)</p><a href="https://www.amazon.com/dp/B01N6706BP?tag=eloabder-20&linkCode=osi&th=1&psc=1">View Product</a></div><div class="product"><a href="https://www.amazon.com/dp/B07BR52P26?tag=eloabder-20&linkCode=osi&th=1&psc=1"><img src="https://m.media-amazon.com/images/I/41TsWY51fbL._SL500_.jpg" alt="Product Image"></a><p>SONKIR Soil pH Meter, MS02 3-in-1 Soil Moisture/Light/pH Tester Gardening Tool Kits for Plant Care, Great for Garden, Lawn, Farm, Indoor & Outdoor Use (Green)</p><p>$9.99</p><a href="https://www.amazon.com/dp/B07BR52P26?tag=eloabder-20&linkCode=osi&th=1&psc=1">View Product</a></div>
<div class="product"><a href="https://www.amazon.com/dp/B09S7YL4QV?tag=eloabder-20&linkCode=osi&th=1&psc=1"><img src="https://m.media-amazon.com/images/I/51eFJ8Uv1xL._SL500_.jpg" alt="Product Image"></a><p>Burpee SuperSeed Seed Starting Tray | 36 Cell Reusable Seed Starter Tray | for Starting Vegetable, Flower & Herb Seeds | Indoor Grow Kit for Plant Seedlings | for Germination Success</p><p>$11.97</p><a href="https://www.amazon.com/dp/B09S7YL4QV?tag=eloabder-20&linkCode=osi&th=1&psc=1">View Product</a></div><div class="product"><a href="https://www.amazon.com/dp/B01MU394JM?tag=eloabder-20&linkCode=osi&th=1&psc=1"><img src="https://m.media-amazon.com/images/I/517TE2AFBZL._SL500_.jpg" alt="Product Image"></a><p>Miracle-Gro Shake 'N Feed Tomato, Fruit & Vegetable Plant Food, 1 lb.</p><p>$8.08 ($0.50 / Ounce)</p><a href="https://www.amazon.com/dp/B01MU394JM?tag=eloabder-20&linkCode=osi&th=1&psc=1">View Product</a></div>
<div class="product"><a href="https://www.amazon.com/dp/B09SV8J649?tag=eloabder-20&linkCode=osi&th=1&psc=1"><img src="https://m.media-amazon.com/images/I/51G3IdGm9mL._SL500_.jpg" alt="Product Image"></a><p>Miracle-Gro Women's Nitrile Coated Grip Floral Pattern Gardening Work Gloves, Extreme Comfort, Excellent Grip, Water Resistant, Pink/Purple, Small, (MG37126/WSM)</p><p>$5.99</p><a href="https://www.amazon.com/dp/B09SV8J649?tag=eloabder-20&linkCode=osi&th=1&psc=1">View Product</a></div><div class="product"><a href="https://www.amazon.com/dp/B0BHZXPXW9?tag=eloabder-20&linkCode=osi&th=1&psc=1"><img src="https://m.media-amazon.com/images/I/51gioz5VnSL._SL500_.jpg" alt="Product Image"></a><p>MSUPSAV Gardening Gloves for Gardening,Synthetic Leather Garden Gloves,Work Gloves with Touch Screen,Best Gifts for Women,Green, Medium</p><p>$11.99</p><a href="https://www.amazon.com/dp/B0BHZXPXW9?tag=eloabder-20&linkCode=osi&th=1&psc=1">View Product</a></div><div class="product"><a href="https://www.amazon.com/dp/B0B5RFV1BK?tag=eloabder-20&linkCode=osi&th=1&psc=1"><img src="https://m.media-amazon.com/images/I/51bX+IeFx+L._SL500_.jpg" alt="Product Image"></a><p>MSUPSAV Genuine Leather Gardening Gloves,Thornproof & Puncture Resistant Garden Gloves,Gardening Gloves for Women,Long Garden Gloves,Rose Gloves,Garden Gifts(Small, Tuilp)</p><p>$15.99</p><a href="https://www.amazon.com/dp/B0B5RFV1BK?tag=eloabder-20&linkCode=osi&th=1&psc=1">View Product</a></div>
<div class="product"><a href="https://www.amazon.com/dp/B0D149L1VC?tag=eloabder-20&linkCode=osi&th=1&psc=1"><img src="https://m.media-amazon.com/images/I/41RVIeji+QL._SL500_.jpg" alt="Product Image"></a><p>HLDD HANDLANDY Gardening Gloves Long Sleeve for Women and Men Leather Garden Gloves for Yard & Outdoor Work, Golden Yellow, XL</p><p>$15.98</p><a href="https://www.amazon.com/dp/B0D149L1VC?tag=eloabder-20&linkCode=osi&th=1&psc=1">View Product</a></div>























































<div class="product"><a href="https://www.amazon.com/dp/B0071E1YJO?tag=eloabder-20&linkCode=osi&th=1&psc=1"><img src="https://m.media-amazon.com/images/I/41uUMfglltL._SL500_.jpg" alt="Product Image"></a><p>Miracle-Gro Leaf Shine, 8-Ounce Green</p><p>$8.48 ($1.06 / Fl Oz)</p><a href="https://www.amazon.com/dp/B0071E1YJO?tag=eloabder-20&linkCode=osi&th=1&psc=1">View Product</a></div><div class="product"><a href="https://www.amazon.com/dp/B08B5VSV97?tag=eloabder-20&linkCode=osi&th=1&psc=1"><img src="https://m.media-amazon.com/images/I/51EIcCei5HL._SL500_.jpg" alt="Product Image"></a><p>40 Pack Fungus Gnat Traps for House Indoor Yellow Sticky Traps for Gnats Sticky Traps for Plants, Dual-Sided Fungus Gnat Sticky Traps Fruit Fly Traps for Indoors</p><p>$7.99 ($0.20 / Count)</p><a href="https://www.amazon.com/dp/B08B5VSV97?tag=eloabder-20&linkCode=osi&th=1&psc=1">View Product</a></div><div class="product"><a href="https://www.amazon.com/dp/B000BX1HKI?tag=eloabder-20&linkCode=osi&th=1&psc=1"><img src="https://m.media-amazon.com/images/I/41prxVwQnWL._SL500_.jpg" alt="Product Image"></a><p>Bonide Systemic Houseplant Insect Control, 8 oz Ready-to-Use Granules for Indoors and Outdoors, Protects Plants from Insects</p><p>$9.59</p><a href="https://www.amazon.com/dp/B000BX1HKI?tag=eloabder-20&linkCode=osi&th=1&psc=1">View Product</a></div><div class="product"><a href="https://www.amazon.com/dp/B0042YYVYG?tag=eloabder-20&linkCode=osi&th=1&psc=1"><img src="https://m.media-amazon.com/images/I/41I2Q7llZsL._SL500_.jpg" alt="Product Image"></a><p>Miracle-Gro Water Storing Crystals, Helps Prevent Over and Underwatering in Outdoor and Indoor Plants, 12 oz.</p><p>$12.47 ($1.04 / Ounce)</p><a href="https://www.amazon.com/dp/B0042YYVYG?tag=eloabder-20&linkCode=osi&th=1&psc=1">View Product</a></div>

<div class="product"><a href="https://www.amazon.com/dp/B01N4GLFK8?tag=eloabder-20&linkCode=osi&th=1&psc=1"><img src="https://m.media-amazon.com/images/I/41fBBp7X+-L._SL500_.jpg" alt="Product Image"></a><p>Miracle-Gro Shake 'N Feed All Purpose Plant Food, 4.5 lbs, Covers up to 180 sq. ft.</p><p>$15.59 ($0.22 / Ounce)</p><a href="https://www.amazon.com/dp/B01N4GLFK8?tag=eloabder-20&linkCode=osi&th=1&psc=1">View Product</a></div><div class="product"><a href="https://www.amazon.com/dp/B0B9ZNJSPM?tag=eloabder-20&linkCode=osi&th=1&psc=1"><img src="https://m.media-amazon.com/images/I/41DukAXydjL._SL500_.jpg" alt="Product Image"></a><p>Southern Ag All Purpose Granular Fertilizer 10-10-10, 5 LB Size: 5 LB</p><p>$19.49 ($0.24 / Ounce)</p><a href="https://www.amazon.com/dp/B0B9ZNJSPM?tag=eloabder-20&linkCode=osi&th=1&psc=1">View Product</a></div><div class="product"><a href="https://www.amazon.com/dp/B000OWF7YI?tag=eloabder-20&linkCode=osi&th=1&psc=1"><img src="https://m.media-amazon.com/images/I/41XbL-vFMOS._SL500_.jpg" alt="Product Image"></a><p>Miracle-Gro Water Soluble All Purpose Plant Food, Fertilizer for Indoor or Outdoor Flowers, Vegetables or Trees, 10 lbs.</p><p>$31.97 ($0.20 / Ounce)</p><a href="https://www.amazon.com/dp/B000OWF7YI?tag=eloabder-20&linkCode=osi&th=1&psc=1">View Product</a></div><div class="product"><a href="https://www.amazon.com/dp/B00GTDGMHC?tag=eloabder-20&linkCode=osi&th=1&psc=1"><img src="https://m.media-amazon.com/images/I/51IUnCYh7WL._SL500_.jpg" alt="Product Image"></a><p>Osmocote Smart-Release Plant Food Plus Outdoor & Indoor, 8 lb.</p><p>$34.99 ($0.27 / Ounce)</p><a href="https://www.amazon.com/dp/B00GTDGMHC?tag=eloabder-20&linkCode=osi&th=1&psc=1">View Product</a></div><div class="product"><a href="https://www.amazon.com/dp/B000RNCKQ2?tag=eloabder-20&linkCode=osi&th=1&psc=1"><img src="https://m.media-amazon.com/images/I/41LZGPjfZqL._SL500_.jpg" alt="Product Image"></a><p>Miracle-Gro Pour & Feed Plant Food, Fertilizer Instantly Feeds Live Plants, For Outdoor & Indoor Plants in Containers, 32 oz.</p><p>$8.59 ($0.27 / Fl Oz)</p><a href="https://www.amazon.com/dp/B000RNCKQ2?tag=eloabder-20&linkCode=osi&th=1&psc=1">View Product</a></div><div class="product"><a href="https://www.amazon.com/dp/B00GTDGWAY?tag=eloabder-20&linkCode=osi&th=1&psc=1"><img src="https://m.media-amazon.com/images/I/41LSzOsNrmL._SL500_.jpg" alt="Product Image"></a><p>Scotts Super Bloom Water Soluble Plant Food, 2 lb - NPK 12-55-6 - Fertilizer for Outdoor Flowers, Fruiting Plants, Containers and Bed Areas - Feeds Plants Instantly</p><p>$13.60 ($0.42 / Ounce)</p><a href="https://www.amazon.com/dp/B00GTDGWAY?tag=eloabder-20&linkCode=osi&th=1&psc=1">View Product</a></div>
<div class="product"><a href="https://www.amazon.com/dp/B0BZJN2R32?tag=eloabder-20&linkCode=osi&th=1&psc=1"><img src="https://m.media-amazon.com/images/I/31VnEDv5y9L._SL500_.jpg" alt="Product Image"></a><p>ENVU - Tempo SC Ultra For Insects - 240ml</p><p>$46.86</p><a href="https://www.amazon.com/dp/B0BZJN2R32?tag=eloabder-20&linkCode=osi&th=1&psc=1">View Product</a></div><div class="product"><a href="https://www.amazon.com/dp/B01N7KSXHX?tag=eloabder-20&linkCode=osi&th=1&psc=1"><img src="https://m.media-amazon.com/images/I/41KRb4CLxyL._SL500_.jpg" alt="Product Image"></a><p>Ortho Home Defense Insect Killer for Indoor & Perimeter2 with Comfort Wand, Controls Ants, Roaches, and Spiders, 1.1 gal., 1 Pack</p><p>$15.99</p><a href="https://www.amazon.com/dp/B01N7KSXHX?tag=eloabder-20&linkCode=osi&th=1&psc=1">View Product</a></div><div class="product"><a href="https://www.amazon.com/dp/B0C1Q39Q9R?tag=eloabder-20&linkCode=osi&th=1&psc=1"><img src="https://m.media-amazon.com/images/I/31JB4VLVutL._SL500_.jpg" alt="Product Image"></a><p>Talak 7.9% Indoor/Outdoor Insect Control - Bifenthrin Concentrate (32 Ounce) by Atticus</p><p>$27.99</p><a href="https://www.amazon.com/dp/B0C1Q39Q9R?tag=eloabder-20&linkCode=osi&th=1&psc=1">View Product</a></div><div class="product"><a href="https://www.amazon.com/dp/B0C83WSDGV?tag=eloabder-20&linkCode=osi&th=1&psc=1"><img src="https://m.media-amazon.com/images/I/41nc5OmDkcL._SL500_.jpg" alt="Product Image"></a><p>Talak 7.9% Indoor/Outdoor Insect Control - Bifenthrin Concentrate (1 GAL) by Atticus</p><p>$56.99</p><a href="https://www.amazon.com/dp/B0C83WSDGV?tag=eloabder-20&linkCode=osi&th=1&psc=1">View Product</a></div><div class="product"><a href="https://www.amazon.com/dp/B00555SR9Q?tag=eloabder-20&linkCode=osi&th=1&psc=1"><img src="https://m.media-amazon.com/images/I/419E9atuhzL._SL500_.jpg" alt="Product Image"></a><p>Syngenta 070294125000 Demon Max Insecticide, Yellowish</p><p>$33.95</p><a href="https://www.amazon.com/dp/B00555SR9Q?tag=eloabder-20&linkCode=osi&th=1&psc=1">View Product</a></div><div class="product"><a href="https://www.amazon.com/dp/B002Y6BC1O?tag=eloabder-20&linkCode=osi&th=1&psc=1"><img src="https://m.media-amazon.com/images/I/41MxLEq25RL._SL500_.jpg" alt="Product Image"></a><p>Syngenta 73654 Demand CS Insecticide, 8oz, Beige</p><p>$39.05</p><a href="https://www.amazon.com/dp/B002Y6BC1O?tag=eloabder-20&linkCode=osi&th=1&psc=1">View Product</a></div><div class="product"><a href="https://www.amazon.com/dp/B0CR1R792Q?tag=eloabder-20&linkCode=osi&th=1&psc=1"><img src="https://m.media-amazon.com/images/I/31XVwzdlQoL._SL500_.jpg" alt="Product Image"></a><p>Tirade Ultra SC Insecticide by Atticus - Compare to The Leading Brand - Beta-Cyfluthrin Pest Control for Indoor and Outdoor Use (240 ML)</p><p>$44.99</p><a href="https://www.amazon.com/dp/B0CR1R792Q?tag=eloabder-20&linkCode=osi&th=1&psc=1">View Product</a></div><div class="product"><a href="https://www.amazon.com/dp/B00FN3P8LU?tag=eloabder-20&linkCode=osi&th=1&psc=1"><img src="https://m.media-amazon.com/images/I/41c9oWdbOpL._SL500_.jpg" alt="Product Image"></a><p>Spectracide Concentrate Triazicide Lawn & Landscapes Insect Killer, 40 oz, Black</p><p>$8.98 ($0.22 / Fl Oz)</p><a href="https://www.amazon.com/dp/B00FN3P8LU?tag=eloabder-20&linkCode=osi&th=1&psc=1">View Product</a></div><div class="product"><a href="https://www.amazon.com/dp/B07RLS91C9?tag=eloabder-20&linkCode=osi&th=1&psc=1"><img src="https://m.media-amazon.com/images/I/41LdMyqibdL._SL500_.jpg" alt="Product Image"></a><p>Bayer 80035225 Polyzone Suspend Pint Insecticide 16_ounce</p><p>$58.49</p><a href="https://www.amazon.com/dp/B07RLS91C9?tag=eloabder-20&linkCode=osi&th=1&psc=1">View Product</a></div>
<div class="product"><a href="https://www.amazon.com/dp/B06XGL8R89?tag=eloabder-20&linkCode=osi&th=1&psc=1"><img src="https://m.media-amazon.com/images/I/412LuMRZ5EL._SL500_.jpg" alt="Product Image"></a><p>Trapper Max Glue Traps 12 Glue Boards Trap Mouse Bugs Insects Bed Bugs Spiders Cockroaches Non-Toxic</p><p>$9.25 ($0.77 / Count)</p><a href="https://www.amazon.com/dp/B06XGL8R89?tag=eloabder-20&linkCode=osi&th=1&psc=1">View Product</a></div><div class="product"><a href="https://www.amazon.com/dp/B003ORTFH0?tag=eloabder-20&linkCode=osi&th=1&psc=1"><img src="https://m.media-amazon.com/images/I/31c-Ziw55xL._SL500_.jpg" alt="Product Image"></a><p>Max Catch 72 Pack Professional Strength - Mouse, Rat & Pest Glue Scented Sticky Trap for Rodents and Insects - Ready to Use Indoors - Non Toxic, No Mess, Easy Cleanup Mice Trap by Catchmaster</p><p>$26.99 ($0.37 / Count)</p><a href="https://www.amazon.com/dp/B003ORTFH0?tag=eloabder-20&linkCode=osi&th=1&psc=1">View Product</a></div><div class="product"><a href="https://www.amazon.com/dp/B00LW21RNY?tag=eloabder-20&linkCode=osi&th=1&psc=1"><img src="https://m.media-amazon.com/images/I/4123fr-WvoL._SL500_.jpg" alt="Product Image"></a><p>Catchmaster Spider & Insect Glue Traps 30-Pk (10 Sheets), Adhesive Cockroach Killer Glue Boards, Spider Traps, Cricket Sticky Traps, Indoor Roach Trap for Home, Garage & Shed, Pet Safe Pest Control</p><p>$13.98 ($0.47 / Count)</p><a href="https://www.amazon.com/dp/B00LW21RNY?tag=eloabder-20&linkCode=osi&th=1&psc=1">View Product</a></div><div class="product"><a href="https://www.amazon.com/dp/B005IMZ9K6?tag=eloabder-20&linkCode=osi&th=1&psc=1"><img src="https://m.media-amazon.com/images/I/51puixq5EOL._SL500_.jpg" alt="Product Image"></a><p>Catchmaster Pro Strength Mouse & Insect Glue Boards 60pk Traps Indoor for Home, Adhesive Bug Catcher, Rat & Rodent Sticky Trap, Non Toxic Bulk Pre-Baited Glue Traps, Pet Safe House Pest Control</p><p>$23.05 ($0.38 / Count)</p><a href="https://www.amazon.com/dp/B005IMZ9K6?tag=eloabder-20&linkCode=osi&th=1&psc=1">View Product</a></div><div class="product"><a href="https://www.amazon.com/dp/B07Q697VZK?tag=eloabder-20&linkCode=osi&th=1&psc=1"><img src="https://m.media-amazon.com/images/I/51jPZpEiKAL._SL500_.jpg" alt="Product Image"></a><p>TERRO T3206SR Non-Toxic Indoor Spider, Ant, Cockroach, Centipede, and Crawling Insect Trap - 12 Traps</p><p>$12.62 ($1.05 / Count)</p><a href="https://www.amazon.com/dp/B07Q697VZK?tag=eloabder-20&linkCode=osi&th=1&psc=1">View Product</a></div><div class="product"><a href="https://www.amazon.com/dp/B005IMZ9TC?tag=eloabder-20&linkCode=osi&th=1&psc=1"><img src="https://m.media-amazon.com/images/I/510w06crpTL._SL500_.jpg" alt="Product Image"></a><p>Catchmaster Mouse and Insect Glue Boards, 75-Pack Mouse Traps Indoor for Home, Sticky Pest Control Adhesive for Catching Bugs, Rats & Rodents, Non Toxic Bulk Glue Traps</p><p>$29.98 ($0.40 / Count)</p><a href="https://www.amazon.com/dp/B005IMZ9TC?tag=eloabder-20&linkCode=osi&th=1&psc=1">View Product</a></div><div class="product"><a href="https://www.amazon.com/dp/B00CQ561GY?tag=eloabder-20&linkCode=osi&th=1&psc=1"><img src="https://m.media-amazon.com/images/I/517JUYwBTML._SL500_.jpg" alt="Product Image"></a><p>Catchmaster Killer Pest Control Heavy Duty Glue Trap. Non Toxic Sticky Trap Captures Pests. Ready to Use Packs. Easy to Deploy & Place. (12 Traps, Insect Trap)</p><p>$8.87 ($0.74 / Count)</p><a href="https://www.amazon.com/dp/B00CQ561GY?tag=eloabder-20&linkCode=osi&th=1&psc=1">View Product</a></div><div class="product"><a href="https://www.amazon.com/dp/B083FJZC3M?tag=eloabder-20&linkCode=osi&th=1&psc=1"><img src="https://m.media-amazon.com/images/I/51JWsuE-m+L._SL500_.jpg" alt="Product Image"></a><p>S&T INC. Insect Traps, Brown Recluse, Hobo Spiders, Black Widows, White, 30 Count</p><p>$11.99 ($0.40 / Count)</p><a href="https://www.amazon.com/dp/B083FJZC3M?tag=eloabder-20&linkCode=osi&th=1&psc=1">View Product</a></div><div class="product"><a href="https://www.amazon.com/dp/B00CEEDFS4?tag=eloabder-20&linkCode=osi&th=1&psc=1"><img src="https://m.media-amazon.com/images/I/418YR7Th0dL._SL500_.jpg" alt="Product Image"></a><p>Catchmaster Rat & Mouse Glue Traps 6Pk, Large Bulk Traps, Indoor for Home, Pre-Scented Adhesive Plastic Tray Inside House, Snake, Mice, Spider Pet Safe Pest Control</p><p>$14.38 ($2.40 / Count)</p><a href="https://www.amazon.com/dp/B00CEEDFS4?tag=eloabder-20&linkCode=osi&th=1&psc=1">View Product</a></div><div class="product"><a href="https://www.amazon.com/dp/B0BBRDPFF4?tag=eloabder-20&linkCode=osi&th=1&psc=1"><img src="https://m.media-amazon.com/images/I/61FVxhCy9WL._SL500_.jpg" alt="Product Image"></a><p>Roach Traps Indoor Sticky (18 Pack) - Glue Traps for Roaches Bug Traps with Roach Bait Traps - Long Lasting Non-Toxic Children and Pet Friendly - Trap a Pest</p><p>$9.88 ($0.55 / Count)</p><a href="https://www.amazon.com/dp/B0BBRDPFF4?tag=eloabder-20&linkCode=osi&th=1&psc=1">View Product</a></div>


<div class="product"><a href="https://www.amazon.com/dp/B001D0Y9RG?tag=eloabder-20&linkCode=osi&th=1&psc=1"><img src="https://m.media-amazon.com/images/I/41lQfHTmZVL._SL500_.jpg" alt="Product Image"></a><p>API POND ACCU-CLEAR Pond Water Clarifier 32-Ounce Bottle</p><p>$21.06</p><a href="https://www.amazon.com/dp/B001D0Y9RG?tag=eloabder-20&linkCode=osi&th=1&psc=1">View Product</a></div>

<div class="product"><a href="https://www.amazon.com/dp/B09JSRRXDY?tag=eloabder-20&linkCode=osi&th=1&psc=1"><img src="https://m.media-amazon.com/images/I/51fPlDsp-HL._SL500_.jpg" alt="Product Image"></a><p>Herb Grow Kit, 10 Herb Seeds DIY Garden Starter Kit, Complete Potted Plant Growing Set Including White Pots, Markers, Nutritional Soil, Watering, Clipper for Kitchen Herb</p><p>$29.99</p><a href="https://www.amazon.com/dp/B09JSRRXDY?tag=eloabder-20&linkCode=osi&th=1&psc=1">View Product</a></div>


<div class="product"><a href="https://www.amazon.com/dp/B0D1DS71NK?tag=eloabder-20&linkCode=osi&th=1&psc=1"><img src="https://m.media-amazon.com/images/I/51tRPKXL0bL._SL500_.jpg" alt="Product Image"></a><p>Hortiway 11lbs Premium Coco Coir Brick -100% Organic Coconut Coir for for Plants, Low EC & pH Balance, Natural Compressed Growing Medium, Coconut Core for Gardening Planting & Potting Soil Substrate</p><p>$19.99 ($0.11 / Ounce)</p><a href="https://www.amazon.com/dp/B0D1DS71NK?tag=eloabder-20&linkCode=osi&th=1&psc=1">View Product</a></div>
<div class="product"><a href="https://www.amazon.com/dp/B09VSYBKKL?tag=eloabder-20&linkCode=osi&th=1&psc=1"><img src="https://m.media-amazon.com/images/I/51BFwHymBEL._SL500_.jpg" alt="Product Image"></a><p>12PCS Purple Shamrocks Bulbs Good Luck Plant, Purple Oxalis Bulbs for Planting Grows Indoor or Outdoor, Oxalis Triangularis Bulbs The Novice Gardener's Choice</p><p>$8.99 ($0.75 / Count)</p><a href="https://www.amazon.com/dp/B09VSYBKKL?tag=eloabder-20&linkCode=osi&th=1&psc=1">View Product</a></div>


<div class="product"><a href="https://www.amazon.com/dp/B0BZBTV7FM?tag=eloabder-20&linkCode=osi&th=1&psc=1"><img src="https://m.media-amazon.com/images/I/41rGR7+6sHL._SL500_.jpg" alt="Product Image"></a><p>Fly Fans for Tables, Fly Fan Indoor Outdoor with Holographic Blades, Batteries Powered Fly Fans Outdoor for Picnic, Party, Restaurant, Kitchen, and BBQ, 4 Pack</p><p>$29.99 ($7.50 / Count)</p><a href="https://www.amazon.com/dp/B0BZBTV7FM?tag=eloabder-20&linkCode=osi&th=1&psc=1">View Product</a></div>
<div class="product"><a href="https://www.amazon.com/dp/B01N6706BP?tag=eloabder-20&linkCode=osi&th=1&psc=1"><img src="https://m.media-amazon.com/images/I/51RI47QQRVL._SL500_.jpg" alt="Product Image"></a><p>Gardzen 3-Pack 72 Gallons Garden Bag - Reuseable Heavy Duty Gardening Bags, Lawn Pool Garden Leaf Waste Bag</p><p>$22.99 ($7.66 / Count)</p><a href="https://www.amazon.com/dp/B01N6706BP?tag=eloabder-20&linkCode=osi&th=1&psc=1">View Product</a></div><div class="product"><a href="https://www.amazon.com/dp/B07BR52P26?tag=eloabder-20&linkCode=osi&th=1&psc=1"><img src="https://m.media-amazon.com/images/I/41TsWY51fbL._SL500_.jpg" alt="Product Image"></a><p>SONKIR Soil pH Meter, MS02 3-in-1 Soil Moisture/Light/pH Tester Gardening Tool Kits for Plant Care, Great for Garden, Lawn, Farm, Indoor & Outdoor Use (Green)</p><p>$9.99</p><a href="https://www.amazon.com/dp/B07BR52P26?tag=eloabder-20&linkCode=osi&th=1&psc=1">View Product</a></div>
<div class="product"><a href="https://www.amazon.com/dp/B09S7YL4QV?tag=eloabder-20&linkCode=osi&th=1&psc=1"><img src="https://m.media-amazon.com/images/I/51eFJ8Uv1xL._SL500_.jpg" alt="Product Image"></a><p>Burpee SuperSeed Seed Starting Tray | 36 Cell Reusable Seed Starter Tray | for Starting Vegetable, Flower & Herb Seeds | Indoor Grow Kit for Plant Seedlings | for Germination Success</p><p>$11.97</p><a href="https://www.amazon.com/dp/B09S7YL4QV?tag=eloabder-20&linkCode=osi&th=1&psc=1">View Product</a></div><div class="product"><a href="https://www.amazon.com/dp/B01MU394JM?tag=eloabder-20&linkCode=osi&th=1&psc=1"><img src="https://m.media-amazon.com/images/I/517TE2AFBZL._SL500_.jpg" alt="Product Image"></a><p>Miracle-Gro Shake 'N Feed Tomato, Fruit & Vegetable Plant Food, 1 lb.</p><p>$8.08 ($0.50 / Ounce)</p><a href="https://www.amazon.com/dp/B01MU394JM?tag=eloabder-20&linkCode=osi&th=1&psc=1">View Product</a></div>
<div class="product"><a href="https://www.amazon.com/dp/B09SV8J649?tag=eloabder-20&linkCode=osi&th=1&psc=1"><img src="https://m.media-amazon.com/images/I/51G3IdGm9mL._SL500_.jpg" alt="Product Image"></a><p>Miracle-Gro Women's Nitrile Coated Grip Floral Pattern Gardening Work Gloves, Extreme Comfort, Excellent Grip, Water Resistant, Pink/Purple, Small, (MG37126/WSM)</p><p>$5.99</p><a href="https://www.amazon.com/dp/B09SV8J649?tag=eloabder-20&linkCode=osi&th=1&psc=1">View Product</a></div><div class="product"><a href="https://www.amazon.com/dp/B0BHZXPXW9?tag=eloabder-20&linkCode=osi&th=1&psc=1"><img src="https://m.media-amazon.com/images/I/51gioz5VnSL._SL500_.jpg" alt="Product Image"></a><p>MSUPSAV Gardening Gloves for Gardening,Synthetic Leather Garden Gloves,Work Gloves with Touch Screen,Best Gifts for Women,Green, Medium</p><p>$11.99</p><a href="https://www.amazon.com/dp/B0BHZXPXW9?tag=eloabder-20&linkCode=osi&th=1&psc=1">View Product</a></div><div class="product"><a href="https://www.amazon.com/dp/B0B5RFV1BK?tag=eloabder-20&linkCode=osi&th=1&psc=1"><img src="https://m.media-amazon.com/images/I/51bX+IeFx+L._SL500_.jpg" alt="Product Image"></a><p>MSUPSAV Genuine Leather Gardening Gloves,Thornproof & Puncture Resistant Garden Gloves,Gardening Gloves for Women,Long Garden Gloves,Rose Gloves,Garden Gifts(Small, Tuilp)</p><p>$15.99</p><a href="https://www.amazon.com/dp/B0B5RFV1BK?tag=eloabder-20&linkCode=osi&th=1&psc=1">View Product</a></div>
<div class="product"><a href="https://www.amazon.com/dp/B0D149L1VC?tag=eloabder-20&linkCode=osi&th=1&psc=1"><img src="https://m.media-amazon.com/images/I/41RVIeji+QL._SL500_.jpg" alt="Product Image"></a><p>HLDD HANDLANDY Gardening Gloves Long Sleeve for Women and Men Leather Garden Gloves for Yard & Outdoor Work, Golden Yellow, XL</p><p>$15.98</p><a href="https://www.amazon.com/dp/B0D149L1VC?tag=eloabder-20&linkCode=osi&th=1&psc=1">View Product</a></div>























































<div class="product"><a href="https://www.amazon.com/dp/B0071E1YJO?tag=eloabder-20&linkCode=osi&th=1&psc=1"><img src="https://m.media-amazon.com/images/I/41uUMfglltL._SL500_.jpg" alt="Product Image"></a><p>Miracle-Gro Leaf Shine, 8-Ounce Green</p><p>$8.48 ($1.06 / Fl Oz)</p><a href="https://www.amazon.com/dp/B0071E1YJO?tag=eloabder-20&linkCode=osi&th=1&psc=1">View Product</a></div><div class="product"><a href="https://www.amazon.com/dp/B08B5VSV97?tag=eloabder-20&linkCode=osi&th=1&psc=1"><img src="https://m.media-amazon.com/images/I/51EIcCei5HL._SL500_.jpg" alt="Product Image"></a><p>40 Pack Fungus Gnat Traps for House Indoor Yellow Sticky Traps for Gnats Sticky Traps for Plants, Dual-Sided Fungus Gnat Sticky Traps Fruit Fly Traps for Indoors</p><p>$7.99 ($0.20 / Count)</p><a href="https://www.amazon.com/dp/B08B5VSV97?tag=eloabder-20&linkCode=osi&th=1&psc=1">View Product</a></div><div class="product"><a href="https://www.amazon.com/dp/B000BX1HKI?tag=eloabder-20&linkCode=osi&th=1&psc=1"><img src="https://m.media-amazon.com/images/I/41prxVwQnWL._SL500_.jpg" alt="Product Image"></a><p>Bonide Systemic Houseplant Insect Control, 8 oz Ready-to-Use Granules for Indoors and Outdoors, Protects Plants from Insects</p><p>$9.59</p><a href="https://www.amazon.com/dp/B000BX1HKI?tag=eloabder-20&linkCode=osi&th=1&psc=1">View Product</a></div><div class="product"><a href="https://www.amazon.com/dp/B0042YYVYG?tag=eloabder-20&linkCode=osi&th=1&psc=1"><img src="https://m.media-amazon.com/images/I/41I2Q7llZsL._SL500_.jpg" alt="Product Image"></a><p>Miracle-Gro Water Storing Crystals, Helps Prevent Over and Underwatering in Outdoor and Indoor Plants, 12 oz.</p><p>$12.47 ($1.04 / Ounce)</p><a href="https://www.amazon.com/dp/B0042YYVYG?tag=eloabder-20&linkCode=osi&th=1&psc=1">View Product</a></div>

<div class="product"><a href="https://www.amazon.com/dp/B01N4GLFK8?tag=eloabder-20&linkCode=osi&th=1&psc=1"><img src="https://m.media-amazon.com/images/I/41fBBp7X+-L._SL500_.jpg" alt="Product Image"></a><p>Miracle-Gro Shake 'N Feed All Purpose Plant Food, 4.5 lbs, Covers up to 180 sq. ft.</p><p>$15.59 ($0.22 / Ounce)</p><a href="https://www.amazon.com/dp/B01N4GLFK8?tag=eloabder-20&linkCode=osi&th=1&psc=1">View Product</a></div><div class="product"><a href="https://www.amazon.com/dp/B0B9ZNJSPM?tag=eloabder-20&linkCode=osi&th=1&psc=1"><img src="https://m.media-amazon.com/images/I/41DukAXydjL._SL500_.jpg" alt="Product Image"></a><p>Southern Ag All Purpose Granular Fertilizer 10-10-10, 5 LB Size: 5 LB</p><p>$19.49 ($0.24 / Ounce)</p><a href="https://www.amazon.com/dp/B0B9ZNJSPM?tag=eloabder-20&linkCode=osi&th=1&psc=1">View Product</a></div><div class="product"><a href="https://www.amazon.com/dp/B000OWF7YI?tag=eloabder-20&linkCode=osi&th=1&psc=1"><img src="https://m.media-amazon.com/images/I/41XbL-vFMOS._SL500_.jpg" alt="Product Image"></a><p>Miracle-Gro Water Soluble All Purpose Plant Food, Fertilizer for Indoor or Outdoor Flowers, Vegetables or Trees, 10 lbs.</p><p>$31.97 ($0.20 / Ounce)</p><a href="https://www.amazon.com/dp/B000OWF7YI?tag=eloabder-20&linkCode=osi&th=1&psc=1">View Product</a></div><div class="product"><a href="https://www.amazon.com/dp/B00GTDGMHC?tag=eloabder-20&linkCode=osi&th=1&psc=1"><img src="https://m.media-amazon.com/images/I/51IUnCYh7WL._SL500_.jpg" alt="Product Image"></a><p>Osmocote Smart-Release Plant Food Plus Outdoor & Indoor, 8 lb.</p><p>$34.99 ($0.27 / Ounce)</p><a href="https://www.amazon.com/dp/B00GTDGMHC?tag=eloabder-20&linkCode=osi&th=1&psc=1">View Product</a></div><div class="product"><a href="https://www.amazon.com/dp/B000RNCKQ2?tag=eloabder-20&linkCode=osi&th=1&psc=1"><img src="https://m.media-amazon.com/images/I/41LZGPjfZqL._SL500_.jpg" alt="Product Image"></a><p>Miracle-Gro Pour & Feed Plant Food, Fertilizer Instantly Feeds Live Plants, For Outdoor & Indoor Plants in Containers, 32 oz.</p><p>$8.59 ($0.27 / Fl Oz)</p><a href="https://www.amazon.com/dp/B000RNCKQ2?tag=eloabder-20&linkCode=osi&th=1&psc=1">View Product</a></div><div class="product"><a href="https://www.amazon.com/dp/B00GTDGWAY?tag=eloabder-20&linkCode=osi&th=1&psc=1"><img src="https://m.media-amazon.com/images/I/41LSzOsNrmL._SL500_.jpg" alt="Product Image"></a><p>Scotts Super Bloom Water Soluble Plant Food, 2 lb - NPK 12-55-6 - Fertilizer for Outdoor Flowers, Fruiting Plants, Containers and Bed Areas - Feeds Plants Instantly</p><p>$13.60 ($0.42 / Ounce)</p><a href="https://www.amazon.com/dp/B00GTDGWAY?tag=eloabder-20&linkCode=osi&th=1&psc=1">View Product</a></div>
<div class="product"><a href="https://www.amazon.com/dp/B0BZJN2R32?tag=eloabder-20&linkCode=osi&th=1&psc=1"><img src="https://m.media-amazon.com/images/I/31VnEDv5y9L._SL500_.jpg" alt="Product Image"></a><p>ENVU - Tempo SC Ultra For Insects - 240ml</p><p>$46.86</p><a href="https://www.amazon.com/dp/B0BZJN2R32?tag=eloabder-20&linkCode=osi&th=1&psc=1">View Product</a></div><div class="product"><a href="https://www.amazon.com/dp/B01N7KSXHX?tag=eloabder-20&linkCode=osi&th=1&psc=1"><img src="https://m.media-amazon.com/images/I/41KRb4CLxyL._SL500_.jpg" alt="Product Image"></a><p>Ortho Home Defense Insect Killer for Indoor & Perimeter2 with Comfort Wand, Controls Ants, Roaches, and Spiders, 1.1 gal., 1 Pack</p><p>$15.99</p><a href="https://www.amazon.com/dp/B01N7KSXHX?tag=eloabder-20&linkCode=osi&th=1&psc=1">View Product</a></div><div class="product"><a href="https://www.amazon.com/dp/B0C1Q39Q9R?tag=eloabder-20&linkCode=osi&th=1&psc=1"><img src="https://m.media-amazon.com/images/I/31JB4VLVutL._SL500_.jpg" alt="Product Image"></a><p>Talak 7.9% Indoor/Outdoor Insect Control - Bifenthrin Concentrate (32 Ounce) by Atticus</p><p>$27.99</p><a href="https://www.amazon.com/dp/B0C1Q39Q9R?tag=eloabder-20&linkCode=osi&th=1&psc=1">View Product</a></div><div class="product"><a href="https://www.amazon.com/dp/B0C83WSDGV?tag=eloabder-20&linkCode=osi&th=1&psc=1"><img src="https://m.media-amazon.com/images/I/41nc5OmDkcL._SL500_.jpg" alt="Product Image"></a><p>Talak 7.9% Indoor/Outdoor Insect Control - Bifenthrin Concentrate (1 GAL) by Atticus</p><p>$56.99</p><a href="https://www.amazon.com/dp/B0C83WSDGV?tag=eloabder-20&linkCode=osi&th=1&psc=1">View Product</a></div><div class="product"><a href="https://www.amazon.com/dp/B00555SR9Q?tag=eloabder-20&linkCode=osi&th=1&psc=1"><img src="https://m.media-amazon.com/images/I/419E9atuhzL._SL500_.jpg" alt="Product Image"></a><p>Syngenta 070294125000 Demon Max Insecticide, Yellowish</p><p>$33.95</p><a href="https://www.amazon.com/dp/B00555SR9Q?tag=eloabder-20&linkCode=osi&th=1&psc=1">View Product</a></div><div class="product"><a href="https://www.amazon.com/dp/B002Y6BC1O?tag=eloabder-20&linkCode=osi&th=1&psc=1"><img src="https://m.media-amazon.com/images/I/41MxLEq25RL._SL500_.jpg" alt="Product Image"></a><p>Syngenta 73654 Demand CS Insecticide, 8oz, Beige</p><p>$39.05</p><a href="https://www.amazon.com/dp/B002Y6BC1O?tag=eloabder-20&linkCode=osi&th=1&psc=1">View Product</a></div><div class="product"><a href="https://www.amazon.com/dp/B0CR1R792Q?tag=eloabder-20&linkCode=osi&th=1&psc=1"><img src="https://m.media-amazon.com/images/I/31XVwzdlQoL._SL500_.jpg" alt="Product Image"></a><p>Tirade Ultra SC Insecticide by Atticus - Compare to The Leading Brand - Beta-Cyfluthrin Pest Control for Indoor and Outdoor Use (240 ML)</p><p>$44.99</p><a href="https://www.amazon.com/dp/B0CR1R792Q?tag=eloabder-20&linkCode=osi&th=1&psc=1">View Product</a></div><div class="product"><a href="https://www.amazon.com/dp/B00FN3P8LU?tag=eloabder-20&linkCode=osi&th=1&psc=1"><img src="https://m.media-amazon.com/images/I/41c9oWdbOpL._SL500_.jpg" alt="Product Image"></a><p>Spectracide Concentrate Triazicide Lawn & Landscapes Insect Killer, 40 oz, Black</p><p>$8.98 ($0.22 / Fl Oz)</p><a href="https://www.amazon.com/dp/B00FN3P8LU?tag=eloabder-20&linkCode=osi&th=1&psc=1">View Product</a></div><div class="product"><a href="https://www.amazon.com/dp/B07RLS91C9?tag=eloabder-20&linkCode=osi&th=1&psc=1"><img src="https://m.media-amazon.com/images/I/41LdMyqibdL._SL500_.jpg" alt="Product Image"></a><p>Bayer 80035225 Polyzone Suspend Pint Insecticide 16_ounce</p><p>$58.49</p><a href="https://www.amazon.com/dp/B07RLS91C9?tag=eloabder-20&linkCode=osi&th=1&psc=1">View Product</a></div>
<div class="product"><a href="https://www.amazon.com/dp/B06XGL8R89?tag=eloabder-20&linkCode=osi&th=1&psc=1"><img src="https://m.media-amazon.com/images/I/412LuMRZ5EL._SL500_.jpg" alt="Product Image"></a><p>Trapper Max Glue Traps 12 Glue Boards Trap Mouse Bugs Insects Bed Bugs Spiders Cockroaches Non-Toxic</p><p>$9.25 ($0.77 / Count)</p><a href="https://www.amazon.com/dp/B06XGL8R89?tag=eloabder-20&linkCode=osi&th=1&psc=1">View Product</a></div><div class="product"><a href="https://www.amazon.com/dp/B003ORTFH0?tag=eloabder-20&linkCode=osi&th=1&psc=1"><img src="https://m.media-amazon.com/images/I/31c-Ziw55xL._SL500_.jpg" alt="Product Image"></a><p>Max Catch 72 Pack Professional Strength - Mouse, Rat & Pest Glue Scented Sticky Trap for Rodents and Insects - Ready to Use Indoors - Non Toxic, No Mess, Easy Cleanup Mice Trap by Catchmaster</p><p>$26.99 ($0.37 / Count)</p><a href="https://www.amazon.com/dp/B003ORTFH0?tag=eloabder-20&linkCode=osi&th=1&psc=1">View Product</a></div><div class="product"><a href="https://www.amazon.com/dp/B00LW21RNY?tag=eloabder-20&linkCode=osi&th=1&psc=1"><img src="https://m.media-amazon.com/images/I/4123fr-WvoL._SL500_.jpg" alt="Product Image"></a><p>Catchmaster Spider & Insect Glue Traps 30-Pk (10 Sheets), Adhesive Cockroach Killer Glue Boards, Spider Traps, Cricket Sticky Traps, Indoor Roach Trap for Home, Garage & Shed, Pet Safe Pest Control</p><p>$13.98 ($0.47 / Count)</p><a href="https://www.amazon.com/dp/B00LW21RNY?tag=eloabder-20&linkCode=osi&th=1&psc=1">View Product</a></div><div class="product"><a href="https://www.amazon.com/dp/B005IMZ9K6?tag=eloabder-20&linkCode=osi&th=1&psc=1"><img src="https://m.media-amazon.com/images/I/51puixq5EOL._SL500_.jpg" alt="Product Image"></a><p>Catchmaster Pro Strength Mouse & Insect Glue Boards 60pk Traps Indoor for Home, Adhesive Bug Catcher, Rat & Rodent Sticky Trap, Non Toxic Bulk Pre-Baited Glue Traps, Pet Safe House Pest Control</p><p>$23.05 ($0.38 / Count)</p><a href="https://www.amazon.com/dp/B005IMZ9K6?tag=eloabder-20&linkCode=osi&th=1&psc=1">View Product</a></div><div class="product"><a href="https://www.amazon.com/dp/B07Q697VZK?tag=eloabder-20&linkCode=osi&th=1&psc=1"><img src="https://m.media-amazon.com/images/I/51jPZpEiKAL._SL500_.jpg" alt="Product Image"></a><p>TERRO T3206SR Non-Toxic Indoor Spider, Ant, Cockroach, Centipede, and Crawling Insect Trap - 12 Traps</p><p>$12.62 ($1.05 / Count)</p><a href="https://www.amazon.com/dp/B07Q697VZK?tag=eloabder-20&linkCode=osi&th=1&psc=1">View Product</a></div><div class="product"><a href="https://www.amazon.com/dp/B005IMZ9TC?tag=eloabder-20&linkCode=osi&th=1&psc=1"><img src="https://m.media-amazon.com/images/I/510w06crpTL._SL500_.jpg" alt="Product Image"></a><p>Catchmaster Mouse and Insect Glue Boards, 75-Pack Mouse Traps Indoor for Home, Sticky Pest Control Adhesive for Catching Bugs, Rats & Rodents, Non Toxic Bulk Glue Traps</p><p>$29.98 ($0.40 / Count)</p><a href="https://www.amazon.com/dp/B005IMZ9TC?tag=eloabder-20&linkCode=osi&th=1&psc=1">View Product</a></div><div class="product"><a href="https://www.amazon.com/dp/B00CQ561GY?tag=eloabder-20&linkCode=osi&th=1&psc=1"><img src="https://m.media-amazon.com/images/I/517JUYwBTML._SL500_.jpg" alt="Product Image"></a><p>Catchmaster Killer Pest Control Heavy Duty Glue Trap. Non Toxic Sticky Trap Captures Pests. Ready to Use Packs. Easy to Deploy & Place. (12 Traps, Insect Trap)</p><p>$8.87 ($0.74 / Count)</p><a href="https://www.amazon.com/dp/B00CQ561GY?tag=eloabder-20&linkCode=osi&th=1&psc=1">View Product</a></div><div class="product"><a href="https://www.amazon.com/dp/B083FJZC3M?tag=eloabder-20&linkCode=osi&th=1&psc=1"><img src="https://m.media-amazon.com/images/I/51JWsuE-m+L._SL500_.jpg" alt="Product Image"></a><p>S&T INC. Insect Traps, Brown Recluse, Hobo Spiders, Black Widows, White, 30 Count</p><p>$11.99 ($0.40 / Count)</p><a href="https://www.amazon.com/dp/B083FJZC3M?tag=eloabder-20&linkCode=osi&th=1&psc=1">View Product</a></div><div class="product"><a href="https://www.amazon.com/dp/B00CEEDFS4?tag=eloabder-20&linkCode=osi&th=1&psc=1"><img src="https://m.media-amazon.com/images/I/418YR7Th0dL._SL500_.jpg" alt="Product Image"></a><p>Catchmaster Rat & Mouse Glue Traps 6Pk, Large Bulk Traps, Indoor for Home, Pre-Scented Adhesive Plastic Tray Inside House, Snake, Mice, Spider Pet Safe Pest Control</p><p>$14.38 ($2.40 / Count)</p><a href="https://www.amazon.com/dp/B00CEEDFS4?tag=eloabder-20&linkCode=osi&th=1&psc=1">View Product</a></div><div class="product"><a href="https://www.amazon.com/dp/B0BBRDPFF4?tag=eloabder-20&linkCode=osi&th=1&psc=1"><img src="https://m.media-amazon.com/images/I/61FVxhCy9WL._SL500_.jpg" alt="Product Image"></a><p>Roach Traps Indoor Sticky (18 Pack) - Glue Traps for Roaches Bug Traps with Roach Bait Traps - Long Lasting Non-Toxic Children and Pet Friendly - Trap a Pest</p><p>$9.88 ($0.55 / Count)</p><a href="https://www.amazon.com/dp/B0BBRDPFF4?tag=eloabder-20&linkCode=osi&th=1&psc=1">View Product</a></div>


<div class="product"><a href="https://www.amazon.com/dp/B001D0Y9RG?tag=eloabder-20&linkCode=osi&th=1&psc=1"><img src="https://m.media-amazon.com/images/I/41lQfHTmZVL._SL500_.jpg" alt="Product Image"></a><p>API POND ACCU-CLEAR Pond Water Clarifier 32-Ounce Bottle</p><p>$21.06</p><a href="https://www.amazon.com/dp/B001D0Y9RG?tag=eloabder-20&linkCode=osi&th=1&psc=1">View Product</a></div>

<div class="product"><a href="https://www.amazon.com/dp/B09JSRRXDY?tag=eloabder-20&linkCode=osi&th=1&psc=1"><img src="https://m.media-amazon.com/images/I/51fPlDsp-HL._SL500_.jpg" alt="Product Image"></a><p>Herb Grow Kit, 10 Herb Seeds DIY Garden Starter Kit, Complete Potted Plant Growing Set Including White Pots, Markers, Nutritional Soil, Watering, Clipper for Kitchen Herb</p><p>$29.99</p><a href="https://www.amazon.com/dp/B09JSRRXDY?tag=eloabder-20&linkCode=osi&th=1&psc=1">View Product</a></div>


<div class="product"><a href="https://www.amazon.com/dp/B0D1DS71NK?tag=eloabder-20&linkCode=osi&th=1&psc=1"><img src="https://m.media-amazon.com/images/I/51tRPKXL0bL._SL500_.jpg" alt="Product Image"></a><p>Hortiway 11lbs Premium Coco Coir Brick -100% Organic Coconut Coir for for Plants, Low EC & pH Balance, Natural Compressed Growing Medium, Coconut Core for Gardening Planting & Potting Soil Substrate</p><p>$19.99 ($0.11 / Ounce)</p><a href="https://www.amazon.com/dp/B0D1DS71NK?tag=eloabder-20&linkCode=osi&th=1&psc=1">View Product</a></div>
<div class="product"><a href="https://www.amazon.com/dp/B09VSYBKKL?tag=eloabder-20&linkCode=osi&th=1&psc=1"><img src="https://m.media-amazon.com/images/I/51BFwHymBEL._SL500_.jpg" alt="Product Image"></a><p>12PCS Purple Shamrocks Bulbs Good Luck Plant, Purple Oxalis Bulbs for Planting Grows Indoor or Outdoor, Oxalis Triangularis Bulbs The Novice Gardener's Choice</p><p>$8.99 ($0.75 / Count)</p><a href="https://www.amazon.com/dp/B09VSYBKKL?tag=eloabder-20&linkCode=osi&th=1&psc=1">View Product</a></div>



<div class="product"><a href="https://www.amazon.com/dp/B0BZBTV7FM?tag=eloabder-20&linkCode=osi&th=1&psc=1"><img src="https://m.media-amazon.com/images/I/41rGR7+6sHL._SL500_.jpg" alt="Product Image"></a><p>Fly Fans for Tables, Fly Fan Indoor Outdoor with Holographic Blades, Batteries Powered Fly Fans Outdoor for Picnic, Party, Restaurant, Kitchen, and BBQ, 4 Pack</p><p>$29.99 ($7.50 / Count)</p><a href="https://www.amazon.com/dp/B0BZBTV7FM?tag=eloabder-20&linkCode=osi&th=1&psc=1">View Product</a></div>
<div class="product"><a href="https://www.amazon.com/dp/B01N6706BP?tag=eloabder-20&linkCode=osi&th=1&psc=1"><img src="https://m.media-amazon.com/images/I/51RI47QQRVL._SL500_.jpg" alt="Product Image"></a><p>Gardzen 3-Pack 72 Gallons Garden Bag - Reuseable Heavy Duty Gardening Bags, Lawn Pool Garden Leaf Waste Bag</p><p>$22.99 ($7.66 / Count)</p><a href="https://www.amazon.com/dp/B01N6706BP?tag=eloabder-20&linkCode=osi&th=1&psc=1">View Product</a></div><div class="product"><a href="https://www.amazon.com/dp/B07BR52P26?tag=eloabder-20&linkCode=osi&th=1&psc=1"><img src="https://m.media-amazon.com/images/I/41TsWY51fbL._SL500_.jpg" alt="Product Image"></a><p>SONKIR Soil pH Meter, MS02 3-in-1 Soil Moisture/Light/pH Tester Gardening Tool Kits for Plant Care, Great for Garden, Lawn, Farm, Indoor & Outdoor Use (Green)</p><p>$9.99</p><a href="https://www.amazon.com/dp/B07BR52P26?tag=eloabder-20&linkCode=osi&th=1&psc=1">View Product</a></div>
<div class="product"><a href="https://www.amazon.com/dp/B09S7YL4QV?tag=eloabder-20&linkCode=osi&th=1&psc=1"><img src="https://m.media-amazon.com/images/I/51eFJ8Uv1xL._SL500_.jpg" alt="Product Image"></a><p>Burpee SuperSeed Seed Starting Tray | 36 Cell Reusable Seed Starter Tray | for Starting Vegetable, Flower & Herb Seeds | Indoor Grow Kit for Plant Seedlings | for Germination Success</p><p>$11.97</p><a href="https://www.amazon.com/dp/B09S7YL4QV?tag=eloabder-20&linkCode=osi&th=1&psc=1">View Product</a></div><div class="product"><a href="https://www.amazon.com/dp/B01MU394JM?tag=eloabder-20&linkCode=osi&th=1&psc=1"><img src="https://m.media-amazon.com/images/I/517TE2AFBZL._SL500_.jpg" alt="Product Image"></a><p>Miracle-Gro Shake 'N Feed Tomato, Fruit & Vegetable Plant Food, 1 lb.</p><p>$8.08 ($0.50 / Ounce)</p><a href="https://www.amazon.com/dp/B01MU394JM?tag=eloabder-20&linkCode=osi&th=1&psc=1">View Product</a></div>
<div class="product"><a href="https://www.amazon.com/dp/B09SV8J649?tag=eloabder-20&linkCode=osi&th=1&psc=1"><img src="https://m.media-amazon.com/images/I/51G3IdGm9mL._SL500_.jpg" alt="Product Image"></a><p>Miracle-Gro Women's Nitrile Coated Grip Floral Pattern Gardening Work Gloves, Extreme Comfort, Excellent Grip, Water Resistant, Pink/Purple, Small, (MG37126/WSM)</p><p>$5.99</p><a href="https://www.amazon.com/dp/B09SV8J649?tag=eloabder-20&linkCode=osi&th=1&psc=1">View Product</a></div><div class="product"><a href="https://www.amazon.com/dp/B0BHZXPXW9?tag=eloabder-20&linkCode=osi&th=1&psc=1"><img src="https://m.media-amazon.com/images/I/51gioz5VnSL._SL500_.jpg" alt="Product Image"></a><p>MSUPSAV Gardening Gloves for Gardening,Synthetic Leather Garden Gloves,Work Gloves with Touch Screen,Best Gifts for Women,Green, Medium</p><p>$11.99</p><a href="https://www.amazon.com/dp/B0BHZXPXW9?tag=eloabder-20&linkCode=osi&th=1&psc=1">View Product</a></div><div class="product"><a href="https://www.amazon.com/dp/B0B5RFV1BK?tag=eloabder-20&linkCode=osi&th=1&psc=1"><img src="https://m.media-amazon.com/images/I/51bX+IeFx+L._SL500_.jpg" alt="Product Image"></a><p>MSUPSAV Genuine Leather Gardening Gloves,Thornproof & Puncture Resistant Garden Gloves,Gardening Gloves for Women,Long Garden Gloves,Rose Gloves,Garden Gifts(Small, Tuilp)</p><p>$15.99</p><a href="https://www.amazon.com/dp/B0B5RFV1BK?tag=eloabder-20&linkCode=osi&th=1&psc=1">View Product</a></div>
<div class="product"><a href="https://www.amazon.com/dp/B0D149L1VC?tag=eloabder-20&linkCode=osi&th=1&psc=1"><img src="https://m.media-amazon.com/images/I/41RVIeji+QL._SL500_.jpg" alt="Product Image"></a><p>HLDD HANDLANDY Gardening Gloves Long Sleeve for Women and Men Leather Garden Gloves for Yard & Outdoor Work, Golden Yellow, XL</p><p>$15.98</p><a href="https://www.amazon.com/dp/B0D149L1VC?tag=eloabder-20&linkCode=osi&th=1&psc=1">View Product</a></div>























































<div class="product"><a href="https://www.amazon.com/dp/B0071E1YJO?tag=eloabder-20&linkCode=osi&th=1&psc=1"><img src="https://m.media-amazon.com/images/I/41uUMfglltL._SL500_.jpg" alt="Product Image"></a><p>Miracle-Gro Leaf Shine, 8-Ounce Green</p><p>$8.48 ($1.06 / Fl Oz)</p><a href="https://www.amazon.com/dp/B0071E1YJO?tag=eloabder-20&linkCode=osi&th=1&psc=1">View Product</a></div><div class="product"><a href="https://www.amazon.com/dp/B08B5VSV97?tag=eloabder-20&linkCode=osi&th=1&psc=1"><img src="https://m.media-amazon.com/images/I/51EIcCei5HL._SL500_.jpg" alt="Product Image"></a><p>40 Pack Fungus Gnat Traps for House Indoor Yellow Sticky Traps for Gnats Sticky Traps for Plants, Dual-Sided Fungus Gnat Sticky Traps Fruit Fly Traps for Indoors</p><p>$7.99 ($0.20 / Count)</p><a href="https://www.amazon.com/dp/B08B5VSV97?tag=eloabder-20&linkCode=osi&th=1&psc=1">View Product</a></div><div class="product"><a href="https://www.amazon.com/dp/B000BX1HKI?tag=eloabder-20&linkCode=osi&th=1&psc=1"><img src="https://m.media-amazon.com/images/I/41prxVwQnWL._SL500_.jpg" alt="Product Image"></a><p>Bonide Systemic Houseplant Insect Control, 8 oz Ready-to-Use Granules for Indoors and Outdoors, Protects Plants from Insects</p><p>$9.59</p><a href="https://www.amazon.com/dp/B000BX1HKI?tag=eloabder-20&linkCode=osi&th=1&psc=1">View Product</a></div><div class="product"><a href="https://www.amazon.com/dp/B0042YYVYG?tag=eloabder-20&linkCode=osi&th=1&psc=1"><img src="https://m.media-amazon.com/images/I/41I2Q7llZsL._SL500_.jpg" alt="Product Image"></a><p>Miracle-Gro Water Storing Crystals, Helps Prevent Over and Underwatering in Outdoor and Indoor Plants, 12 oz.</p><p>$12.47 ($1.04 / Ounce)</p><a href="https://www.amazon.com/dp/B0042YYVYG?tag=eloabder-20&linkCode=osi&th=1&psc=1">View Product</a></div>

<div class="product"><a href="https://www.amazon.com/dp/B01N4GLFK8?tag=eloabder-20&linkCode=osi&th=1&psc=1"><img src="https://m.media-amazon.com/images/I/41fBBp7X+-L._SL500_.jpg" alt="Product Image"></a><p>Miracle-Gro Shake 'N Feed All Purpose Plant Food, 4.5 lbs, Covers up to 180 sq. ft.</p><p>$15.59 ($0.22 / Ounce)</p><a href="https://www.amazon.com/dp/B01N4GLFK8?tag=eloabder-20&linkCode=osi&th=1&psc=1">View Product</a></div><div class="product"><a href="https://www.amazon.com/dp/B0B9ZNJSPM?tag=eloabder-20&linkCode=osi&th=1&psc=1"><img src="https://m.media-amazon.com/images/I/41DukAXydjL._SL500_.jpg" alt="Product Image"></a><p>Southern Ag All Purpose Granular Fertilizer 10-10-10, 5 LB Size: 5 LB</p><p>$19.49 ($0.24 / Ounce)</p><a href="https://www.amazon.com/dp/B0B9ZNJSPM?tag=eloabder-20&linkCode=osi&th=1&psc=1">View Product</a></div><div class="product"><a href="https://www.amazon.com/dp/B000OWF7YI?tag=eloabder-20&linkCode=osi&th=1&psc=1"><img src="https://m.media-amazon.com/images/I/41XbL-vFMOS._SL500_.jpg" alt="Product Image"></a><p>Miracle-Gro Water Soluble All Purpose Plant Food, Fertilizer for Indoor or Outdoor Flowers, Vegetables or Trees, 10 lbs.</p><p>$31.97 ($0.20 / Ounce)</p><a href="https://www.amazon.com/dp/B000OWF7YI?tag=eloabder-20&linkCode=osi&th=1&psc=1">View Product</a></div><div class="product"><a href="https://www.amazon.com/dp/B00GTDGMHC?tag=eloabder-20&linkCode=osi&th=1&psc=1"><img src="https://m.media-amazon.com/images/I/51IUnCYh7WL._SL500_.jpg" alt="Product Image"></a><p>Osmocote Smart-Release Plant Food Plus Outdoor & Indoor, 8 lb.</p><p>$34.99 ($0.27 / Ounce)</p><a href="https://www.amazon.com/dp/B00GTDGMHC?tag=eloabder-20&linkCode=osi&th=1&psc=1">View Product</a></div><div class="product"><a href="https://www.amazon.com/dp/B000RNCKQ2?tag=eloabder-20&linkCode=osi&th=1&psc=1"><img src="https://m.media-amazon.com/images/I/41LZGPjfZqL._SL500_.jpg" alt="Product Image"></a><p>Miracle-Gro Pour & Feed Plant Food, Fertilizer Instantly Feeds Live Plants, For Outdoor & Indoor Plants in Containers, 32 oz.</p><p>$8.59 ($0.27 / Fl Oz)</p><a href="https://www.amazon.com/dp/B000RNCKQ2?tag=eloabder-20&linkCode=osi&th=1&psc=1">View Product</a></div><div class="product"><a href="https://www.amazon.com/dp/B00GTDGWAY?tag=eloabder-20&linkCode=osi&th=1&psc=1"><img src="https://m.media-amazon.com/images/I/41LSzOsNrmL._SL500_.jpg" alt="Product Image"></a><p>Scotts Super Bloom Water Soluble Plant Food, 2 lb - NPK 12-55-6 - Fertilizer for Outdoor Flowers, Fruiting Plants, Containers and Bed Areas - Feeds Plants Instantly</p><p>$13.60 ($0.42 / Ounce)</p><a href="https://www.amazon.com/dp/B00GTDGWAY?tag=eloabder-20&linkCode=osi&th=1&psc=1">View Product</a></div>
<div class="product"><a href="https://www.amazon.com/dp/B0BZJN2R32?tag=eloabder-20&linkCode=osi&th=1&psc=1"><img src="https://m.media-amazon.com/images/I/31VnEDv5y9L._SL500_.jpg" alt="Product Image"></a><p>ENVU - Tempo SC Ultra For Insects - 240ml</p><p>$46.86</p><a href="https://www.amazon.com/dp/B0BZJN2R32?tag=eloabder-20&linkCode=osi&th=1&psc=1">View Product</a></div><div class="product"><a href="https://www.amazon.com/dp/B01N7KSXHX?tag=eloabder-20&linkCode=osi&th=1&psc=1"><img src="https://m.media-amazon.com/images/I/41KRb4CLxyL._SL500_.jpg" alt="Product Image"></a><p>Ortho Home Defense Insect Killer for Indoor & Perimeter2 with Comfort Wand, Controls Ants, Roaches, and Spiders, 1.1 gal., 1 Pack</p><p>$15.99</p><a href="https://www.amazon.com/dp/B01N7KSXHX?tag=eloabder-20&linkCode=osi&th=1&psc=1">View Product</a></div><div class="product"><a href="https://www.amazon.com/dp/B0C1Q39Q9R?tag=eloabder-20&linkCode=osi&th=1&psc=1"><img src="https://m.media-amazon.com/images/I/31JB4VLVutL._SL500_.jpg" alt="Product Image"></a><p>Talak 7.9% Indoor/Outdoor Insect Control - Bifenthrin Concentrate (32 Ounce) by Atticus</p><p>$27.99</p><a href="https://www.amazon.com/dp/B0C1Q39Q9R?tag=eloabder-20&linkCode=osi&th=1&psc=1">View Product</a></div><div class="product"><a href="https://www.amazon.com/dp/B0C83WSDGV?tag=eloabder-20&linkCode=osi&th=1&psc=1"><img src="https://m.media-amazon.com/images/I/41nc5OmDkcL._SL500_.jpg" alt="Product Image"></a><p>Talak 7.9% Indoor/Outdoor Insect Control - Bifenthrin Concentrate (1 GAL) by Atticus</p><p>$56.99</p><a href="https://www.amazon.com/dp/B0C83WSDGV?tag=eloabder-20&linkCode=osi&th=1&psc=1">View Product</a></div><div class="product"><a href="https://www.amazon.com/dp/B00555SR9Q?tag=eloabder-20&linkCode=osi&th=1&psc=1"><img src="https://m.media-amazon.com/images/I/419E9atuhzL._SL500_.jpg" alt="Product Image"></a><p>Syngenta 070294125000 Demon Max Insecticide, Yellowish</p><p>$33.95</p><a href="https://www.amazon.com/dp/B00555SR9Q?tag=eloabder-20&linkCode=osi&th=1&psc=1">View Product</a></div><div class="product"><a href="https://www.amazon.com/dp/B002Y6BC1O?tag=eloabder-20&linkCode=osi&th=1&psc=1"><img src="https://m.media-amazon.com/images/I/41MxLEq25RL._SL500_.jpg" alt="Product Image"></a><p>Syngenta 73654 Demand CS Insecticide, 8oz, Beige</p><p>$39.05</p><a href="https://www.amazon.com/dp/B002Y6BC1O?tag=eloabder-20&linkCode=osi&th=1&psc=1">View Product</a></div><div class="product"><a href="https://www.amazon.com/dp/B0CR1R792Q?tag=eloabder-20&linkCode=osi&th=1&psc=1"><img src="https://m.media-amazon.com/images/I/31XVwzdlQoL._SL500_.jpg" alt="Product Image"></a><p>Tirade Ultra SC Insecticide by Atticus - Compare to The Leading Brand - Beta-Cyfluthrin Pest Control for Indoor and Outdoor Use (240 ML)</p><p>$44.99</p><a href="https://www.amazon.com/dp/B0CR1R792Q?tag=eloabder-20&linkCode=osi&th=1&psc=1">View Product</a></div><div class="product"><a href="https://www.amazon.com/dp/B00FN3P8LU?tag=eloabder-20&linkCode=osi&th=1&psc=1"><img src="https://m.media-amazon.com/images/I/41c9oWdbOpL._SL500_.jpg" alt="Product Image"></a><p>Spectracide Concentrate Triazicide Lawn & Landscapes Insect Killer, 40 oz, Black</p><p>$8.98 ($0.22 / Fl Oz)</p><a href="https://www.amazon.com/dp/B00FN3P8LU?tag=eloabder-20&linkCode=osi&th=1&psc=1">View Product</a></div><div class="product"><a href="https://www.amazon.com/dp/B07RLS91C9?tag=eloabder-20&linkCode=osi&th=1&psc=1"><img src="https://m.media-amazon.com/images/I/41LdMyqibdL._SL500_.jpg" alt="Product Image"></a><p>Bayer 80035225 Polyzone Suspend Pint Insecticide 16_ounce</p><p>$58.49</p><a href="https://www.amazon.com/dp/B07RLS91C9?tag=eloabder-20&linkCode=osi&th=1&psc=1">View Product</a></div>
<div class="product"><a href="https://www.amazon.com/dp/B06XGL8R89?tag=eloabder-20&linkCode=osi&th=1&psc=1"><img src="https://m.media-amazon.com/images/I/412LuMRZ5EL._SL500_.jpg" alt="Product Image"></a><p>Trapper Max Glue Traps 12 Glue Boards Trap Mouse Bugs Insects Bed Bugs Spiders Cockroaches Non-Toxic</p><p>$9.25 ($0.77 / Count)</p><a href="https://www.amazon.com/dp/B06XGL8R89?tag=eloabder-20&linkCode=osi&th=1&psc=1">View Product</a></div><div class="product"><a href="https://www.amazon.com/dp/B003ORTFH0?tag=eloabder-20&linkCode=osi&th=1&psc=1"><img src="https://m.media-amazon.com/images/I/31c-Ziw55xL._SL500_.jpg" alt="Product Image"></a><p>Max Catch 72 Pack Professional Strength - Mouse, Rat & Pest Glue Scented Sticky Trap for Rodents and Insects - Ready to Use Indoors - Non Toxic, No Mess, Easy Cleanup Mice Trap by Catchmaster</p><p>$26.99 ($0.37 / Count)</p><a href="https://www.amazon.com/dp/B003ORTFH0?tag=eloabder-20&linkCode=osi&th=1&psc=1">View Product</a></div><div class="product"><a href="https://www.amazon.com/dp/B00LW21RNY?tag=eloabder-20&linkCode=osi&th=1&psc=1"><img src="https://m.media-amazon.com/images/I/4123fr-WvoL._SL500_.jpg" alt="Product Image"></a><p>Catchmaster Spider & Insect Glue Traps 30-Pk (10 Sheets), Adhesive Cockroach Killer Glue Boards, Spider Traps, Cricket Sticky Traps, Indoor Roach Trap for Home, Garage & Shed, Pet Safe Pest Control</p><p>$13.98 ($0.47 / Count)</p><a href="https://www.amazon.com/dp/B00LW21RNY?tag=eloabder-20&linkCode=osi&th=1&psc=1">View Product</a></div><div class="product"><a href="https://www.amazon.com/dp/B005IMZ9K6?tag=eloabder-20&linkCode=osi&th=1&psc=1"><img src="https://m.media-amazon.com/images/I/51puixq5EOL._SL500_.jpg" alt="Product Image"></a><p>Catchmaster Pro Strength Mouse & Insect Glue Boards 60pk Traps Indoor for Home, Adhesive Bug Catcher, Rat & Rodent Sticky Trap, Non Toxic Bulk Pre-Baited Glue Traps, Pet Safe House Pest Control</p><p>$23.05 ($0.38 / Count)</p><a href="https://www.amazon.com/dp/B005IMZ9K6?tag=eloabder-20&linkCode=osi&th=1&psc=1">View Product</a></div><div class="product"><a href="https://www.amazon.com/dp/B07Q697VZK?tag=eloabder-20&linkCode=osi&th=1&psc=1"><img src="https://m.media-amazon.com/images/I/51jPZpEiKAL._SL500_.jpg" alt="Product Image"></a><p>TERRO T3206SR Non-Toxic Indoor Spider, Ant, Cockroach, Centipede, and Crawling Insect Trap - 12 Traps</p><p>$12.62 ($1.05 / Count)</p><a href="https://www.amazon.com/dp/B07Q697VZK?tag=eloabder-20&linkCode=osi&th=1&psc=1">View Product</a></div><div class="product"><a href="https://www.amazon.com/dp/B005IMZ9TC?tag=eloabder-20&linkCode=osi&th=1&psc=1"><img src="https://m.media-amazon.com/images/I/510w06crpTL._SL500_.jpg" alt="Product Image"></a><p>Catchmaster Mouse and Insect Glue Boards, 75-Pack Mouse Traps Indoor for Home, Sticky Pest Control Adhesive for Catching Bugs, Rats & Rodents, Non Toxic Bulk Glue Traps</p><p>$29.98 ($0.40 / Count)</p><a href="https://www.amazon.com/dp/B005IMZ9TC?tag=eloabder-20&linkCode=osi&th=1&psc=1">View Product</a></div><div class="product"><a href="https://www.amazon.com/dp/B00CQ561GY?tag=eloabder-20&linkCode=osi&th=1&psc=1"><img src="https://m.media-amazon.com/images/I/517JUYwBTML._SL500_.jpg" alt="Product Image"></a><p>Catchmaster Killer Pest Control Heavy Duty Glue Trap. Non Toxic Sticky Trap Captures Pests. Ready to Use Packs. Easy to Deploy & Place. (12 Traps, Insect Trap)</p><p>$8.87 ($0.74 / Count)</p><a href="https://www.amazon.com/dp/B00CQ561GY?tag=eloabder-20&linkCode=osi&th=1&psc=1">View Product</a></div><div class="product"><a href="https://www.amazon.com/dp/B083FJZC3M?tag=eloabder-20&linkCode=osi&th=1&psc=1"><img src="https://m.media-amazon.com/images/I/51JWsuE-m+L._SL500_.jpg" alt="Product Image"></a><p>S&T INC. Insect Traps, Brown Recluse, Hobo Spiders, Black Widows, White, 30 Count</p><p>$11.99 ($0.40 / Count)</p><a href="https://www.amazon.com/dp/B083FJZC3M?tag=eloabder-20&linkCode=osi&th=1&psc=1">View Product</a></div><div class="product"><a href="https://www.amazon.com/dp/B00CEEDFS4?tag=eloabder-20&linkCode=osi&th=1&psc=1"><img src="https://m.media-amazon.com/images/I/418YR7Th0dL._SL500_.jpg" alt="Product Image"></a><p>Catchmaster Rat & Mouse Glue Traps 6Pk, Large Bulk Traps, Indoor for Home, Pre-Scented Adhesive Plastic Tray Inside House, Snake, Mice, Spider Pet Safe Pest Control</p><p>$14.38 ($2.40 / Count)</p><a href="https://www.amazon.com/dp/B00CEEDFS4?tag=eloabder-20&linkCode=osi&th=1&psc=1">View Product</a></div><div class="product"><a href="https://www.amazon.com/dp/B0BBRDPFF4?tag=eloabder-20&linkCode=osi&th=1&psc=1"><img src="https://m.media-amazon.com/images/I/61FVxhCy9WL._SL500_.jpg" alt="Product Image"></a><p>Roach Traps Indoor Sticky (18 Pack) - Glue Traps for Roaches Bug Traps with Roach Bait Traps - Long Lasting Non-Toxic Children and Pet Friendly - Trap a Pest</p><p>$9.88 ($0.55 / Count)</p><a href="https://www.amazon.com/dp/B0BBRDPFF4?tag=eloabder-20&linkCode=osi&th=1&psc=1">View Product</a></div>


<div class="product"><a href="https://www.amazon.com/dp/B001D0Y9RG?tag=eloabder-20&linkCode=osi&th=1&psc=1"><img src="https://m.media-amazon.com/images/I/41lQfHTmZVL._SL500_.jpg" alt="Product Image"></a><p>API POND ACCU-CLEAR Pond Water Clarifier 32-Ounce Bottle</p><p>$21.06</p><a href="https://www.amazon.com/dp/B001D0Y9RG?tag=eloabder-20&linkCode=osi&th=1&psc=1">View Product</a></div>

<div class="product"><a href="https://www.amazon.com/dp/B09JSRRXDY?tag=eloabder-20&linkCode=osi&th=1&psc=1"><img src="https://m.media-amazon.com/images/I/51fPlDsp-HL._SL500_.jpg" alt="Product Image"></a><p>Herb Grow Kit, 10 Herb Seeds DIY Garden Starter Kit, Complete Potted Plant Growing Set Including White Pots, Markers, Nutritional Soil, Watering, Clipper for Kitchen Herb</p><p>$29.99</p><a href="https://www.amazon.com/dp/B09JSRRXDY?tag=eloabder-20&linkCode=osi&th=1&psc=1">View Product</a></div>


<div class="product"><a href="https://www.amazon.com/dp/B0D1DS71NK?tag=eloabder-20&linkCode=osi&th=1&psc=1"><img src="https://m.media-amazon.com/images/I/51tRPKXL0bL._SL500_.jpg" alt="Product Image"></a><p>Hortiway 11lbs Premium Coco Coir Brick -100% Organic Coconut Coir for for Plants, Low EC & pH Balance, Natural Compressed Growing Medium, Coconut Core for Gardening Planting & Potting Soil Substrate</p><p>$19.99 ($0.11 / Ounce)</p><a href="https://www.amazon.com/dp/B0D1DS71NK?tag=eloabder-20&linkCode=osi&th=1&psc=1">View Product</a></div>
<div class="product"><a href="https://www.amazon.com/dp/B09VSYBKKL?tag=eloabder-20&linkCode=osi&th=1&psc=1"><img src="https://m.media-amazon.com/images/I/51BFwHymBEL._SL500_.jpg" alt="Product Image"></a><p>12PCS Purple Shamrocks Bulbs Good Luck Plant, Purple Oxalis Bulbs for Planting Grows Indoor or Outdoor, Oxalis Triangularis Bulbs The Novice Gardener's Choice</p><p>$8.99 ($0.75 / Count)</p><a href="https://www.amazon.com/dp/B09VSYBKKL?tag=eloabder-20&linkCode=osi&th=1&psc=1">View Product</a></div>

<div class="product"><a href="https://www.amazon.com/dp/B0CSKFXS7X?tag=eloabder-20&linkCode=osi&th=1&psc=1"><img src="https://m.media-amazon.com/images/I/41PFDmYyHqL._SL500_.jpg" alt="Product Image"></a><p>Bug Catcher 4 Pack Bug Insect Catcher Bug Catching Tool for Kids & Adults Bug Grabber Contactless Quick Release Spider Grabber Trap for Nature Exploration (White+Orange+Blue+Green)</p><p>$34.99 ($17.50 / Count)</p><a href="https://www.amazon.com/dp/B0CSKFXS7X?tag=eloabder-20&linkCode=osi&th=1&psc=1">View Product</a></div>


<div class="product"><a href="https://www.amazon.com/dp/B0BZBTV7FM?tag=eloabder-20&linkCode=osi&th=1&psc=1"><img src="https://m.media-amazon.com/images/I/41rGR7+6sHL._SL500_.jpg" alt="Product Image"></a><p>Fly Fans for Tables, Fly Fan Indoor Outdoor with Holographic Blades, Batteries Powered Fly Fans Outdoor for Picnic, Party, Restaurant, Kitchen, and BBQ, 4 Pack</p><p>$29.99 ($7.50 / Count)</p><a href="https://www.amazon.com/dp/B0BZBTV7FM?tag=eloabder-20&linkCode=osi&th=1&psc=1">View Product</a></div>
<div class="product"><a href="https://www.amazon.com/dp/B01N6706BP?tag=eloabder-20&linkCode=osi&th=1&psc=1"><img src="https://m.media-amazon.com/images/I/51RI47QQRVL._SL500_.jpg" alt="Product Image"></a><p>Gardzen 3-Pack 72 Gallons Garden Bag - Reuseable Heavy Duty Gardening Bags, Lawn Pool Garden Leaf Waste Bag</p><p>$22.99 ($7.66 / Count)</p><a href="https://www.amazon.com/dp/B01N6706BP?tag=eloabder-20&linkCode=osi&th=1&psc=1">View Product</a></div><div class="product"><a href="https://www.amazon.com/dp/B07BR52P26?tag=eloabder-20&linkCode=osi&th=1&psc=1"><img src="https://m.media-amazon.com/images/I/41TsWY51fbL._SL500_.jpg" alt="Product Image"></a><p>SONKIR Soil pH Meter, MS02 3-in-1 Soil Moisture/Light/pH Tester Gardening Tool Kits for Plant Care, Great for Garden, Lawn, Farm, Indoor & Outdoor Use (Green)</p><p>$9.99</p><a href="https://www.amazon.com/dp/B07BR52P26?tag=eloabder-20&linkCode=osi&th=1&psc=1">View Product</a></div>
<div class="product"><a href="https://www.amazon.com/dp/B09S7YL4QV?tag=eloabder-20&linkCode=osi&th=1&psc=1"><img src="https://m.media-amazon.com/images/I/51eFJ8Uv1xL._SL500_.jpg" alt="Product Image"></a><p>Burpee SuperSeed Seed Starting Tray | 36 Cell Reusable Seed Starter Tray | for Starting Vegetable, Flower & Herb Seeds | Indoor Grow Kit for Plant Seedlings | for Germination Success</p><p>$11.97</p><a href="https://www.amazon.com/dp/B09S7YL4QV?tag=eloabder-20&linkCode=osi&th=1&psc=1">View Product</a></div><div class="product"><a href="https://www.amazon.com/dp/B01MU394JM?tag=eloabder-20&linkCode=osi&th=1&psc=1"><img src="https://m.media-amazon.com/images/I/517TE2AFBZL._SL500_.jpg" alt="Product Image"></a><p>Miracle-Gro Shake 'N Feed Tomato, Fruit & Vegetable Plant Food, 1 lb.</p><p>$8.08 ($0.50 / Ounce)</p><a href="https://www.amazon.com/dp/B01MU394JM?tag=eloabder-20&linkCode=osi&th=1&psc=1">View Product</a></div>
<div class="product"><a href="https://www.amazon.com/dp/B09SV8J649?tag=eloabder-20&linkCode=osi&th=1&psc=1"><img src="https://m.media-amazon.com/images/I/51G3IdGm9mL._SL500_.jpg" alt="Product Image"></a><p>Miracle-Gro Women's Nitrile Coated Grip Floral Pattern Gardening Work Gloves, Extreme Comfort, Excellent Grip, Water Resistant, Pink/Purple, Small, (MG37126/WSM)</p><p>$5.99</p><a href="https://www.amazon.com/dp/B09SV8J649?tag=eloabder-20&linkCode=osi&th=1&psc=1">View Product</a></div><div class="product"><a href="https://www.amazon.com/dp/B0BHZXPXW9?tag=eloabder-20&linkCode=osi&th=1&psc=1"><img src="https://m.media-amazon.com/images/I/51gioz5VnSL._SL500_.jpg" alt="Product Image"></a><p>MSUPSAV Gardening Gloves for Gardening,Synthetic Leather Garden Gloves,Work Gloves with Touch Screen,Best Gifts for Women,Green, Medium</p><p>$11.99</p><a href="https://www.amazon.com/dp/B0BHZXPXW9?tag=eloabder-20&linkCode=osi&th=1&psc=1">View Product</a></div><div class="product"><a href="https://www.amazon.com/dp/B0B5RFV1BK?tag=eloabder-20&linkCode=osi&th=1&psc=1"><img src="https://m.media-amazon.com/images/I/51bX+IeFx+L._SL500_.jpg" alt="Product Image"></a><p>MSUPSAV Genuine Leather Gardening Gloves,Thornproof & Puncture Resistant Garden Gloves,Gardening Gloves for Women,Long Garden Gloves,Rose Gloves,Garden Gifts(Small, Tuilp)</p><p>$15.99</p><a href="https://www.amazon.com/dp/B0B5RFV1BK?tag=eloabder-20&linkCode=osi&th=1&psc=1">View Product</a></div>
<div class="product"><a href="https://www.amazon.com/dp/B0D149L1VC?tag=eloabder-20&linkCode=osi&th=1&psc=1"><img src="https://m.media-amazon.com/images/I/41RVIeji+QL._SL500_.jpg" alt="Product Image"></a><p>HLDD HANDLANDY Gardening Gloves Long Sleeve for Women and Men Leather Garden Gloves for Yard & Outdoor Work, Golden Yellow, XL</p><p>$15.98</p><a href="https://www.amazon.com/dp/B0D149L1VC?tag=eloabder-20&linkCode=osi&th=1&psc=1">View Product</a></div>























































<div class="product"><a href="https://www.amazon.com/dp/B0071E1YJO?tag=eloabder-20&linkCode=osi&th=1&psc=1"><img src="https://m.media-amazon.com/images/I/41uUMfglltL._SL500_.jpg" alt="Product Image"></a><p>Miracle-Gro Leaf Shine, 8-Ounce Green</p><p>$8.48 ($1.06 / Fl Oz)</p><a href="https://www.amazon.com/dp/B0071E1YJO?tag=eloabder-20&linkCode=osi&th=1&psc=1">View Product</a></div><div class="product"><a href="https://www.amazon.com/dp/B08B5VSV97?tag=eloabder-20&linkCode=osi&th=1&psc=1"><img src="https://m.media-amazon.com/images/I/51EIcCei5HL._SL500_.jpg" alt="Product Image"></a><p>40 Pack Fungus Gnat Traps for House Indoor Yellow Sticky Traps for Gnats Sticky Traps for Plants, Dual-Sided Fungus Gnat Sticky Traps Fruit Fly Traps for Indoors</p><p>$7.99 ($0.20 / Count)</p><a href="https://www.amazon.com/dp/B08B5VSV97?tag=eloabder-20&linkCode=osi&th=1&psc=1">View Product</a></div><div class="product"><a href="https://www.amazon.com/dp/B000BX1HKI?tag=eloabder-20&linkCode=osi&th=1&psc=1"><img src="https://m.media-amazon.com/images/I/41prxVwQnWL._SL500_.jpg" alt="Product Image"></a><p>Bonide Systemic Houseplant Insect Control, 8 oz Ready-to-Use Granules for Indoors and Outdoors, Protects Plants from Insects</p><p>$9.59</p><a href="https://www.amazon.com/dp/B000BX1HKI?tag=eloabder-20&linkCode=osi&th=1&psc=1">View Product</a></div><div class="product"><a href="https://www.amazon.com/dp/B0042YYVYG?tag=eloabder-20&linkCode=osi&th=1&psc=1"><img src="https://m.media-amazon.com/images/I/41I2Q7llZsL._SL500_.jpg" alt="Product Image"></a><p>Miracle-Gro Water Storing Crystals, Helps Prevent Over and Underwatering in Outdoor and Indoor Plants, 12 oz.</p><p>$12.47 ($1.04 / Ounce)</p><a href="https://www.amazon.com/dp/B0042YYVYG?tag=eloabder-20&linkCode=osi&th=1&psc=1">View Product</a></div>

<div class="product"><a href="https://www.amazon.com/dp/B01N4GLFK8?tag=eloabder-20&linkCode=osi&th=1&psc=1"><img src="https://m.media-amazon.com/images/I/41fBBp7X+-L._SL500_.jpg" alt="Product Image"></a><p>Miracle-Gro Shake 'N Feed All Purpose Plant Food, 4.5 lbs, Covers up to 180 sq. ft.</p><p>$15.59 ($0.22 / Ounce)</p><a href="https://www.amazon.com/dp/B01N4GLFK8?tag=eloabder-20&linkCode=osi&th=1&psc=1">View Product</a></div><div class="product"><a href="https://www.amazon.com/dp/B0B9ZNJSPM?tag=eloabder-20&linkCode=osi&th=1&psc=1"><img src="https://m.media-amazon.com/images/I/41DukAXydjL._SL500_.jpg" alt="Product Image"></a><p>Southern Ag All Purpose Granular Fertilizer 10-10-10, 5 LB Size: 5 LB</p><p>$19.49 ($0.24 / Ounce)</p><a href="https://www.amazon.com/dp/B0B9ZNJSPM?tag=eloabder-20&linkCode=osi&th=1&psc=1">View Product</a></div><div class="product"><a href="https://www.amazon.com/dp/B000OWF7YI?tag=eloabder-20&linkCode=osi&th=1&psc=1"><img src="https://m.media-amazon.com/images/I/41XbL-vFMOS._SL500_.jpg" alt="Product Image"></a><p>Miracle-Gro Water Soluble All Purpose Plant Food, Fertilizer for Indoor or Outdoor Flowers, Vegetables or Trees, 10 lbs.</p><p>$31.97 ($0.20 / Ounce)</p><a href="https://www.amazon.com/dp/B000OWF7YI?tag=eloabder-20&linkCode=osi&th=1&psc=1">View Product</a></div><div class="product"><a href="https://www.amazon.com/dp/B00GTDGMHC?tag=eloabder-20&linkCode=osi&th=1&psc=1"><img src="https://m.media-amazon.com/images/I/51IUnCYh7WL._SL500_.jpg" alt="Product Image"></a><p>Osmocote Smart-Release Plant Food Plus Outdoor & Indoor, 8 lb.</p><p>$34.99 ($0.27 / Ounce)</p><a href="https://www.amazon.com/dp/B00GTDGMHC?tag=eloabder-20&linkCode=osi&th=1&psc=1">View Product</a></div><div class="product"><a href="https://www.amazon.com/dp/B000RNCKQ2?tag=eloabder-20&linkCode=osi&th=1&psc=1"><img src="https://m.media-amazon.com/images/I/41LZGPjfZqL._SL500_.jpg" alt="Product Image"></a><p>Miracle-Gro Pour & Feed Plant Food, Fertilizer Instantly Feeds Live Plants, For Outdoor & Indoor Plants in Containers, 32 oz.</p><p>$8.59 ($0.27 / Fl Oz)</p><a href="https://www.amazon.com/dp/B000RNCKQ2?tag=eloabder-20&linkCode=osi&th=1&psc=1">View Product</a></div><div class="product"><a href="https://www.amazon.com/dp/B00GTDGWAY?tag=eloabder-20&linkCode=osi&th=1&psc=1"><img src="https://m.media-amazon.com/images/I/41LSzOsNrmL._SL500_.jpg" alt="Product Image"></a><p>Scotts Super Bloom Water Soluble Plant Food, 2 lb - NPK 12-55-6 - Fertilizer for Outdoor Flowers, Fruiting Plants, Containers and Bed Areas - Feeds Plants Instantly</p><p>$13.60 ($0.42 / Ounce)</p><a href="https://www.amazon.com/dp/B00GTDGWAY?tag=eloabder-20&linkCode=osi&th=1&psc=1">View Product</a></div>
<div class="product"><a href="https://www.amazon.com/dp/B0BZJN2R32?tag=eloabder-20&linkCode=osi&th=1&psc=1"><img src="https://m.media-amazon.com/images/I/31VnEDv5y9L._SL500_.jpg" alt="Product Image"></a><p>ENVU - Tempo SC Ultra For Insects - 240ml</p><p>$46.86</p><a href="https://www.amazon.com/dp/B0BZJN2R32?tag=eloabder-20&linkCode=osi&th=1&psc=1">View Product</a></div><div class="product"><a href="https://www.amazon.com/dp/B01N7KSXHX?tag=eloabder-20&linkCode=osi&th=1&psc=1"><img src="https://m.media-amazon.com/images/I/41KRb4CLxyL._SL500_.jpg" alt="Product Image"></a><p>Ortho Home Defense Insect Killer for Indoor & Perimeter2 with Comfort Wand, Controls Ants, Roaches, and Spiders, 1.1 gal., 1 Pack</p><p>$15.99</p><a href="https://www.amazon.com/dp/B01N7KSXHX?tag=eloabder-20&linkCode=osi&th=1&psc=1">View Product</a></div><div class="product"><a href="https://www.amazon.com/dp/B0C1Q39Q9R?tag=eloabder-20&linkCode=osi&th=1&psc=1"><img src="https://m.media-amazon.com/images/I/31JB4VLVutL._SL500_.jpg" alt="Product Image"></a><p>Talak 7.9% Indoor/Outdoor Insect Control - Bifenthrin Concentrate (32 Ounce) by Atticus</p><p>$27.99</p><a href="https://www.amazon.com/dp/B0C1Q39Q9R?tag=eloabder-20&linkCode=osi&th=1&psc=1">View Product</a></div><div class="product"><a href="https://www.amazon.com/dp/B0C83WSDGV?tag=eloabder-20&linkCode=osi&th=1&psc=1"><img src="https://m.media-amazon.com/images/I/41nc5OmDkcL._SL500_.jpg" alt="Product Image"></a><p>Talak 7.9% Indoor/Outdoor Insect Control - Bifenthrin Concentrate (1 GAL) by Atticus</p><p>$56.99</p><a href="https://www.amazon.com/dp/B0C83WSDGV?tag=eloabder-20&linkCode=osi&th=1&psc=1">View Product</a></div><div class="product"><a href="https://www.amazon.com/dp/B00555SR9Q?tag=eloabder-20&linkCode=osi&th=1&psc=1"><img src="https://m.media-amazon.com/images/I/419E9atuhzL._SL500_.jpg" alt="Product Image"></a><p>Syngenta 070294125000 Demon Max Insecticide, Yellowish</p><p>$33.95</p><a href="https://www.amazon.com/dp/B00555SR9Q?tag=eloabder-20&linkCode=osi&th=1&psc=1">View Product</a></div><div class="product"><a href="https://www.amazon.com/dp/B002Y6BC1O?tag=eloabder-20&linkCode=osi&th=1&psc=1"><img src="https://m.media-amazon.com/images/I/41MxLEq25RL._SL500_.jpg" alt="Product Image"></a><p>Syngenta 73654 Demand CS Insecticide, 8oz, Beige</p><p>$39.05</p><a href="https://www.amazon.com/dp/B002Y6BC1O?tag=eloabder-20&linkCode=osi&th=1&psc=1">View Product</a></div><div class="product"><a href="https://www.amazon.com/dp/B0CR1R792Q?tag=eloabder-20&linkCode=osi&th=1&psc=1"><img src="https://m.media-amazon.com/images/I/31XVwzdlQoL._SL500_.jpg" alt="Product Image"></a><p>Tirade Ultra SC Insecticide by Atticus - Compare to The Leading Brand - Beta-Cyfluthrin Pest Control for Indoor and Outdoor Use (240 ML)</p><p>$44.99</p><a href="https://www.amazon.com/dp/B0CR1R792Q?tag=eloabder-20&linkCode=osi&th=1&psc=1">View Product</a></div><div class="product"><a href="https://www.amazon.com/dp/B00FN3P8LU?tag=eloabder-20&linkCode=osi&th=1&psc=1"><img src="https://m.media-amazon.com/images/I/41c9oWdbOpL._SL500_.jpg" alt="Product Image"></a><p>Spectracide Concentrate Triazicide Lawn & Landscapes Insect Killer, 40 oz, Black</p><p>$8.98 ($0.22 / Fl Oz)</p><a href="https://www.amazon.com/dp/B00FN3P8LU?tag=eloabder-20&linkCode=osi&th=1&psc=1">View Product</a></div><div class="product"><a href="https://www.amazon.com/dp/B07RLS91C9?tag=eloabder-20&linkCode=osi&th=1&psc=1"><img src="https://m.media-amazon.com/images/I/41LdMyqibdL._SL500_.jpg" alt="Product Image"></a><p>Bayer 80035225 Polyzone Suspend Pint Insecticide 16_ounce</p><p>$58.49</p><a href="https://www.amazon.com/dp/B07RLS91C9?tag=eloabder-20&linkCode=osi&th=1&psc=1">View Product</a></div>
<div class="product"><a href="https://www.amazon.com/dp/B06XGL8R89?tag=eloabder-20&linkCode=osi&th=1&psc=1"><img src="https://m.media-amazon.com/images/I/412LuMRZ5EL._SL500_.jpg" alt="Product Image"></a><p>Trapper Max Glue Traps 12 Glue Boards Trap Mouse Bugs Insects Bed Bugs Spiders Cockroaches Non-Toxic</p><p>$9.25 ($0.77 / Count)</p><a href="https://www.amazon.com/dp/B06XGL8R89?tag=eloabder-20&linkCode=osi&th=1&psc=1">View Product</a></div><div class="product"><a href="https://www.amazon.com/dp/B003ORTFH0?tag=eloabder-20&linkCode=osi&th=1&psc=1"><img src="https://m.media-amazon.com/images/I/31c-Ziw55xL._SL500_.jpg" alt="Product Image"></a><p>Max Catch 72 Pack Professional Strength - Mouse, Rat & Pest Glue Scented Sticky Trap for Rodents and Insects - Ready to Use Indoors - Non Toxic, No Mess, Easy Cleanup Mice Trap by Catchmaster</p><p>$26.99 ($0.37 / Count)</p><a href="https://www.amazon.com/dp/B003ORTFH0?tag=eloabder-20&linkCode=osi&th=1&psc=1">View Product</a></div><div class="product"><a href="https://www.amazon.com/dp/B00LW21RNY?tag=eloabder-20&linkCode=osi&th=1&psc=1"><img src="https://m.media-amazon.com/images/I/4123fr-WvoL._SL500_.jpg" alt="Product Image"></a><p>Catchmaster Spider & Insect Glue Traps 30-Pk (10 Sheets), Adhesive Cockroach Killer Glue Boards, Spider Traps, Cricket Sticky Traps, Indoor Roach Trap for Home, Garage & Shed, Pet Safe Pest Control</p><p>$13.98 ($0.47 / Count)</p><a href="https://www.amazon.com/dp/B00LW21RNY?tag=eloabder-20&linkCode=osi&th=1&psc=1">View Product</a></div><div class="product"><a href="https://www.amazon.com/dp/B005IMZ9K6?tag=eloabder-20&linkCode=osi&th=1&psc=1"><img src="https://m.media-amazon.com/images/I/51puixq5EOL._SL500_.jpg" alt="Product Image"></a><p>Catchmaster Pro Strength Mouse & Insect Glue Boards 60pk Traps Indoor for Home, Adhesive Bug Catcher, Rat & Rodent Sticky Trap, Non Toxic Bulk Pre-Baited Glue Traps, Pet Safe House Pest Control</p><p>$23.05 ($0.38 / Count)</p><a href="https://www.amazon.com/dp/B005IMZ9K6?tag=eloabder-20&linkCode=osi&th=1&psc=1">View Product</a></div><div class="product"><a href="https://www.amazon.com/dp/B07Q697VZK?tag=eloabder-20&linkCode=osi&th=1&psc=1"><img src="https://m.media-amazon.com/images/I/51jPZpEiKAL._SL500_.jpg" alt="Product Image"></a><p>TERRO T3206SR Non-Toxic Indoor Spider, Ant, Cockroach, Centipede, and Crawling Insect Trap - 12 Traps</p><p>$12.62 ($1.05 / Count)</p><a href="https://www.amazon.com/dp/B07Q697VZK?tag=eloabder-20&linkCode=osi&th=1&psc=1">View Product</a></div><div class="product"><a href="https://www.amazon.com/dp/B005IMZ9TC?tag=eloabder-20&linkCode=osi&th=1&psc=1"><img src="https://m.media-amazon.com/images/I/510w06crpTL._SL500_.jpg" alt="Product Image"></a><p>Catchmaster Mouse and Insect Glue Boards, 75-Pack Mouse Traps Indoor for Home, Sticky Pest Control Adhesive for Catching Bugs, Rats & Rodents, Non Toxic Bulk Glue Traps</p><p>$29.98 ($0.40 / Count)</p><a href="https://www.amazon.com/dp/B005IMZ9TC?tag=eloabder-20&linkCode=osi&th=1&psc=1">View Product</a></div><div class="product"><a href="https://www.amazon.com/dp/B00CQ561GY?tag=eloabder-20&linkCode=osi&th=1&psc=1"><img src="https://m.media-amazon.com/images/I/517JUYwBTML._SL500_.jpg" alt="Product Image"></a><p>Catchmaster Killer Pest Control Heavy Duty Glue Trap. Non Toxic Sticky Trap Captures Pests. Ready to Use Packs. Easy to Deploy & Place. (12 Traps, Insect Trap)</p><p>$8.87 ($0.74 / Count)</p><a href="https://www.amazon.com/dp/B00CQ561GY?tag=eloabder-20&linkCode=osi&th=1&psc=1">View Product</a></div><div class="product"><a href="https://www.amazon.com/dp/B083FJZC3M?tag=eloabder-20&linkCode=osi&th=1&psc=1"><img src="https://m.media-amazon.com/images/I/51JWsuE-m+L._SL500_.jpg" alt="Product Image"></a><p>S&T INC. Insect Traps, Brown Recluse, Hobo Spiders, Black Widows, White, 30 Count</p><p>$11.99 ($0.40 / Count)</p><a href="https://www.amazon.com/dp/B083FJZC3M?tag=eloabder-20&linkCode=osi&th=1&psc=1">View Product</a></div><div class="product"><a href="https://www.amazon.com/dp/B00CEEDFS4?tag=eloabder-20&linkCode=osi&th=1&psc=1"><img src="https://m.media-amazon.com/images/I/418YR7Th0dL._SL500_.jpg" alt="Product Image"></a><p>Catchmaster Rat & Mouse Glue Traps 6Pk, Large Bulk Traps, Indoor for Home, Pre-Scented Adhesive Plastic Tray Inside House, Snake, Mice, Spider Pet Safe Pest Control</p><p>$14.38 ($2.40 / Count)</p><a href="https://www.amazon.com/dp/B00CEEDFS4?tag=eloabder-20&linkCode=osi&th=1&psc=1">View Product</a></div><div class="product"><a href="https://www.amazon.com/dp/B0BBRDPFF4?tag=eloabder-20&linkCode=osi&th=1&psc=1"><img src="https://m.media-amazon.com/images/I/61FVxhCy9WL._SL500_.jpg" alt="Product Image"></a><p>Roach Traps Indoor Sticky (18 Pack) - Glue Traps for Roaches Bug Traps with Roach Bait Traps - Long Lasting Non-Toxic Children and Pet Friendly - Trap a Pest</p><p>$9.88 ($0.55 / Count)</p><a href="https://www.amazon.com/dp/B0BBRDPFF4?tag=eloabder-20&linkCode=osi&th=1&psc=1">View Product</a></div>


<div class="product"><a href="https://www.amazon.com/dp/B001D0Y9RG?tag=eloabder-20&linkCode=osi&th=1&psc=1"><img src="https://m.media-amazon.com/images/I/41lQfHTmZVL._SL500_.jpg" alt="Product Image"></a><p>API POND ACCU-CLEAR Pond Water Clarifier 32-Ounce Bottle</p><p>$21.06</p><a href="https://www.amazon.com/dp/B001D0Y9RG?tag=eloabder-20&linkCode=osi&th=1&psc=1">View Product</a></div>

<div class="product"><a href="https://www.amazon.com/dp/B09JSRRXDY?tag=eloabder-20&linkCode=osi&th=1&psc=1"><img src="https://m.media-amazon.com/images/I/51fPlDsp-HL._SL500_.jpg" alt="Product Image"></a><p>Herb Grow Kit, 10 Herb Seeds DIY Garden Starter Kit, Complete Potted Plant Growing Set Including White Pots, Markers, Nutritional Soil, Watering, Clipper for Kitchen Herb</p><p>$29.99</p><a href="https://www.amazon.com/dp/B09JSRRXDY?tag=eloabder-20&linkCode=osi&th=1&psc=1">View Product</a></div>


<div class="product"><a href="https://www.amazon.com/dp/B0D1DS71NK?tag=eloabder-20&linkCode=osi&th=1&psc=1"><img src="https://m.media-amazon.com/images/I/51tRPKXL0bL._SL500_.jpg" alt="Product Image"></a><p>Hortiway 11lbs Premium Coco Coir Brick -100% Organic Coconut Coir for for Plants, Low EC & pH Balance, Natural Compressed Growing Medium, Coconut Core for Gardening Planting & Potting Soil Substrate</p><p>$19.99 ($0.11 / Ounce)</p><a href="https://www.amazon.com/dp/B0D1DS71NK?tag=eloabder-20&linkCode=osi&th=1&psc=1">View Product</a></div>
<div class="product"><a href="https://www.amazon.com/dp/B09VSYBKKL?tag=eloabder-20&linkCode=osi&th=1&psc=1"><img src="https://m.media-amazon.com/images/I/51BFwHymBEL._SL500_.jpg" alt="Product Image"></a><p>12PCS Purple Shamrocks Bulbs Good Luck Plant, Purple Oxalis Bulbs for Planting Grows Indoor or Outdoor, Oxalis Triangularis Bulbs The Novice Gardener's Choice</p><p>$8.99 ($0.75 / Count)</p><a href="https://www.amazon.com/dp/B09VSYBKKL?tag=eloabder-20&linkCode=osi&th=1&psc=1">View Product</a></div>

<div class="product"><a href="https://www.amazon.com/dp/B0CSKFXS7X?tag=eloabder-20&linkCode=osi&th=1&psc=1"><img src="https://m.media-amazon.com/images/I/41PFDmYyHqL._SL500_.jpg" alt="Product Image"></a><p>Bug Catcher 4 Pack Bug Insect Catcher Bug Catching Tool for Kids & Adults Bug Grabber Contactless Quick Release Spider Grabber Trap for Nature Exploration (White+Orange+Blue+Green)</p><p>$34.99 ($17.50 / Count)</p><a href="https://www.amazon.com/dp/B0CSKFXS7X?tag=eloabder-20&linkCode=osi&th=1&psc=1">View Product</a></div>
<div class="product"><a href="https://www.amazon.com/dp/B0C9THKCWY?tag=eloabder-20&linkCode=osi&th=1&psc=1"><img src="https://m.media-amazon.com/images/I/51snFb6uXdL._SL500_.jpg" alt="Product Image"></a><p>MEKER Fire Color Changing Packets - Fire Pit, Campfires, Outdoor Fireplaces, Bonfire - Magic Colorful Changing Fire - Perfect Fire Camping Accessories for Kids & Adults (12 Pack)</p><p>$8.97</p><a href="https://www.amazon.com/dp/B0C9THKCWY?tag=eloabder-20&linkCode=osi&th=1&psc=1">View Product</a></div>


<div class="product"><a href="https://www.amazon.com/dp/B0BZBTV7FM?tag=eloabder-20&linkCode=osi&th=1&psc=1"><img src="https://m.media-amazon.com/images/I/41rGR7+6sHL._SL500_.jpg" alt="Product Image"></a><p>Fly Fans for Tables, Fly Fan Indoor Outdoor with Holographic Blades, Batteries Powered Fly Fans Outdoor for Picnic, Party, Restaurant, Kitchen, and BBQ, 4 Pack</p><p>$29.99 ($7.50 / Count)</p><a href="https://www.amazon.com/dp/B0BZBTV7FM?tag=eloabder-20&linkCode=osi&th=1&psc=1">View Product</a></div>
<div class="product"><a href="https://www.amazon.com/dp/B01N6706BP?tag=eloabder-20&linkCode=osi&th=1&psc=1"><img src="https://m.media-amazon.com/images/I/51RI47QQRVL._SL500_.jpg" alt="Product Image"></a><p>Gardzen 3-Pack 72 Gallons Garden Bag - Reuseable Heavy Duty Gardening Bags, Lawn Pool Garden Leaf Waste Bag</p><p>$22.99 ($7.66 / Count)</p><a href="https://www.amazon.com/dp/B01N6706BP?tag=eloabder-20&linkCode=osi&th=1&psc=1">View Product</a></div><div class="product"><a href="https://www.amazon.com/dp/B07BR52P26?tag=eloabder-20&linkCode=osi&th=1&psc=1"><img src="https://m.media-amazon.com/images/I/41TsWY51fbL._SL500_.jpg" alt="Product Image"></a><p>SONKIR Soil pH Meter, MS02 3-in-1 Soil Moisture/Light/pH Tester Gardening Tool Kits for Plant Care, Great for Garden, Lawn, Farm, Indoor & Outdoor Use (Green)</p><p>$9.99</p><a href="https://www.amazon.com/dp/B07BR52P26?tag=eloabder-20&linkCode=osi&th=1&psc=1">View Product</a></div>
<div class="product"><a href="https://www.amazon.com/dp/B09S7YL4QV?tag=eloabder-20&linkCode=osi&th=1&psc=1"><img src="https://m.media-amazon.com/images/I/51eFJ8Uv1xL._SL500_.jpg" alt="Product Image"></a><p>Burpee SuperSeed Seed Starting Tray | 36 Cell Reusable Seed Starter Tray | for Starting Vegetable, Flower & Herb Seeds | Indoor Grow Kit for Plant Seedlings | for Germination Success</p><p>$11.97</p><a href="https://www.amazon.com/dp/B09S7YL4QV?tag=eloabder-20&linkCode=osi&th=1&psc=1">View Product</a></div><div class="product"><a href="https://www.amazon.com/dp/B01MU394JM?tag=eloabder-20&linkCode=osi&th=1&psc=1"><img src="https://m.media-amazon.com/images/I/517TE2AFBZL._SL500_.jpg" alt="Product Image"></a><p>Miracle-Gro Shake 'N Feed Tomato, Fruit & Vegetable Plant Food, 1 lb.</p><p>$8.08 ($0.50 / Ounce)</p><a href="https://www.amazon.com/dp/B01MU394JM?tag=eloabder-20&linkCode=osi&th=1&psc=1">View Product</a></div>
<div class="product"><a href="https://www.amazon.com/dp/B09SV8J649?tag=eloabder-20&linkCode=osi&th=1&psc=1"><img src="https://m.media-amazon.com/images/I/51G3IdGm9mL._SL500_.jpg" alt="Product Image"></a><p>Miracle-Gro Women's Nitrile Coated Grip Floral Pattern Gardening Work Gloves, Extreme Comfort, Excellent Grip, Water Resistant, Pink/Purple, Small, (MG37126/WSM)</p><p>$5.99</p><a href="https://www.amazon.com/dp/B09SV8J649?tag=eloabder-20&linkCode=osi&th=1&psc=1">View Product</a></div><div class="product"><a href="https://www.amazon.com/dp/B0BHZXPXW9?tag=eloabder-20&linkCode=osi&th=1&psc=1"><img src="https://m.media-amazon.com/images/I/51gioz5VnSL._SL500_.jpg" alt="Product Image"></a><p>MSUPSAV Gardening Gloves for Gardening,Synthetic Leather Garden Gloves,Work Gloves with Touch Screen,Best Gifts for Women,Green, Medium</p><p>$11.99</p><a href="https://www.amazon.com/dp/B0BHZXPXW9?tag=eloabder-20&linkCode=osi&th=1&psc=1">View Product</a></div><div class="product"><a href="https://www.amazon.com/dp/B0B5RFV1BK?tag=eloabder-20&linkCode=osi&th=1&psc=1"><img src="https://m.media-amazon.com/images/I/51bX+IeFx+L._SL500_.jpg" alt="Product Image"></a><p>MSUPSAV Genuine Leather Gardening Gloves,Thornproof & Puncture Resistant Garden Gloves,Gardening Gloves for Women,Long Garden Gloves,Rose Gloves,Garden Gifts(Small, Tuilp)</p><p>$15.99</p><a href="https://www.amazon.com/dp/B0B5RFV1BK?tag=eloabder-20&linkCode=osi&th=1&psc=1">View Product</a></div>
<div class="product"><a href="https://www.amazon.com/dp/B0D149L1VC?tag=eloabder-20&linkCode=osi&th=1&psc=1"><img src="https://m.media-amazon.com/images/I/41RVIeji+QL._SL500_.jpg" alt="Product Image"></a><p>HLDD HANDLANDY Gardening Gloves Long Sleeve for Women and Men Leather Garden Gloves for Yard & Outdoor Work, Golden Yellow, XL</p><p>$15.98</p><a href="https://www.amazon.com/dp/B0D149L1VC?tag=eloabder-20&linkCode=osi&th=1&psc=1">View Product</a></div>























































<div class="product"><a href="https://www.amazon.com/dp/B0071E1YJO?tag=eloabder-20&linkCode=osi&th=1&psc=1"><img src="https://m.media-amazon.com/images/I/41uUMfglltL._SL500_.jpg" alt="Product Image"></a><p>Miracle-Gro Leaf Shine, 8-Ounce Green</p><p>$8.48 ($1.06 / Fl Oz)</p><a href="https://www.amazon.com/dp/B0071E1YJO?tag=eloabder-20&linkCode=osi&th=1&psc=1">View Product</a></div><div class="product"><a href="https://www.amazon.com/dp/B08B5VSV97?tag=eloabder-20&linkCode=osi&th=1&psc=1"><img src="https://m.media-amazon.com/images/I/51EIcCei5HL._SL500_.jpg" alt="Product Image"></a><p>40 Pack Fungus Gnat Traps for House Indoor Yellow Sticky Traps for Gnats Sticky Traps for Plants, Dual-Sided Fungus Gnat Sticky Traps Fruit Fly Traps for Indoors</p><p>$7.99 ($0.20 / Count)</p><a href="https://www.amazon.com/dp/B08B5VSV97?tag=eloabder-20&linkCode=osi&th=1&psc=1">View Product</a></div><div class="product"><a href="https://www.amazon.com/dp/B000BX1HKI?tag=eloabder-20&linkCode=osi&th=1&psc=1"><img src="https://m.media-amazon.com/images/I/41prxVwQnWL._SL500_.jpg" alt="Product Image"></a><p>Bonide Systemic Houseplant Insect Control, 8 oz Ready-to-Use Granules for Indoors and Outdoors, Protects Plants from Insects</p><p>$9.59</p><a href="https://www.amazon.com/dp/B000BX1HKI?tag=eloabder-20&linkCode=osi&th=1&psc=1">View Product</a></div><div class="product"><a href="https://www.amazon.com/dp/B0042YYVYG?tag=eloabder-20&linkCode=osi&th=1&psc=1"><img src="https://m.media-amazon.com/images/I/41I2Q7llZsL._SL500_.jpg" alt="Product Image"></a><p>Miracle-Gro Water Storing Crystals, Helps Prevent Over and Underwatering in Outdoor and Indoor Plants, 12 oz.</p><p>$12.47 ($1.04 / Ounce)</p><a href="https://www.amazon.com/dp/B0042YYVYG?tag=eloabder-20&linkCode=osi&th=1&psc=1">View Product</a></div>

<div class="product"><a href="https://www.amazon.com/dp/B01N4GLFK8?tag=eloabder-20&linkCode=osi&th=1&psc=1"><img src="https://m.media-amazon.com/images/I/41fBBp7X+-L._SL500_.jpg" alt="Product Image"></a><p>Miracle-Gro Shake 'N Feed All Purpose Plant Food, 4.5 lbs, Covers up to 180 sq. ft.</p><p>$15.59 ($0.22 / Ounce)</p><a href="https://www.amazon.com/dp/B01N4GLFK8?tag=eloabder-20&linkCode=osi&th=1&psc=1">View Product</a></div><div class="product"><a href="https://www.amazon.com/dp/B0B9ZNJSPM?tag=eloabder-20&linkCode=osi&th=1&psc=1"><img src="https://m.media-amazon.com/images/I/41DukAXydjL._SL500_.jpg" alt="Product Image"></a><p>Southern Ag All Purpose Granular Fertilizer 10-10-10, 5 LB Size: 5 LB</p><p>$19.49 ($0.24 / Ounce)</p><a href="https://www.amazon.com/dp/B0B9ZNJSPM?tag=eloabder-20&linkCode=osi&th=1&psc=1">View Product</a></div><div class="product"><a href="https://www.amazon.com/dp/B000OWF7YI?tag=eloabder-20&linkCode=osi&th=1&psc=1"><img src="https://m.media-amazon.com/images/I/41XbL-vFMOS._SL500_.jpg" alt="Product Image"></a><p>Miracle-Gro Water Soluble All Purpose Plant Food, Fertilizer for Indoor or Outdoor Flowers, Vegetables or Trees, 10 lbs.</p><p>$31.97 ($0.20 / Ounce)</p><a href="https://www.amazon.com/dp/B000OWF7YI?tag=eloabder-20&linkCode=osi&th=1&psc=1">View Product</a></div><div class="product"><a href="https://www.amazon.com/dp/B00GTDGMHC?tag=eloabder-20&linkCode=osi&th=1&psc=1"><img src="https://m.media-amazon.com/images/I/51IUnCYh7WL._SL500_.jpg" alt="Product Image"></a><p>Osmocote Smart-Release Plant Food Plus Outdoor & Indoor, 8 lb.</p><p>$34.99 ($0.27 / Ounce)</p><a href="https://www.amazon.com/dp/B00GTDGMHC?tag=eloabder-20&linkCode=osi&th=1&psc=1">View Product</a></div><div class="product"><a href="https://www.amazon.com/dp/B000RNCKQ2?tag=eloabder-20&linkCode=osi&th=1&psc=1"><img src="https://m.media-amazon.com/images/I/41LZGPjfZqL._SL500_.jpg" alt="Product Image"></a><p>Miracle-Gro Pour & Feed Plant Food, Fertilizer Instantly Feeds Live Plants, For Outdoor & Indoor Plants in Containers, 32 oz.</p><p>$8.59 ($0.27 / Fl Oz)</p><a href="https://www.amazon.com/dp/B000RNCKQ2?tag=eloabder-20&linkCode=osi&th=1&psc=1">View Product</a></div><div class="product"><a href="https://www.amazon.com/dp/B00GTDGWAY?tag=eloabder-20&linkCode=osi&th=1&psc=1"><img src="https://m.media-amazon.com/images/I/41LSzOsNrmL._SL500_.jpg" alt="Product Image"></a><p>Scotts Super Bloom Water Soluble Plant Food, 2 lb - NPK 12-55-6 - Fertilizer for Outdoor Flowers, Fruiting Plants, Containers and Bed Areas - Feeds Plants Instantly</p><p>$13.60 ($0.42 / Ounce)</p><a href="https://www.amazon.com/dp/B00GTDGWAY?tag=eloabder-20&linkCode=osi&th=1&psc=1">View Product</a></div>
<div class="product"><a href="https://www.amazon.com/dp/B0BZJN2R32?tag=eloabder-20&linkCode=osi&th=1&psc=1"><img src="https://m.media-amazon.com/images/I/31VnEDv5y9L._SL500_.jpg" alt="Product Image"></a><p>ENVU - Tempo SC Ultra For Insects - 240ml</p><p>$46.86</p><a href="https://www.amazon.com/dp/B0BZJN2R32?tag=eloabder-20&linkCode=osi&th=1&psc=1">View Product</a></div><div class="product"><a href="https://www.amazon.com/dp/B01N7KSXHX?tag=eloabder-20&linkCode=osi&th=1&psc=1"><img src="https://m.media-amazon.com/images/I/41KRb4CLxyL._SL500_.jpg" alt="Product Image"></a><p>Ortho Home Defense Insect Killer for Indoor & Perimeter2 with Comfort Wand, Controls Ants, Roaches, and Spiders, 1.1 gal., 1 Pack</p><p>$15.99</p><a href="https://www.amazon.com/dp/B01N7KSXHX?tag=eloabder-20&linkCode=osi&th=1&psc=1">View Product</a></div><div class="product"><a href="https://www.amazon.com/dp/B0C1Q39Q9R?tag=eloabder-20&linkCode=osi&th=1&psc=1"><img src="https://m.media-amazon.com/images/I/31JB4VLVutL._SL500_.jpg" alt="Product Image"></a><p>Talak 7.9% Indoor/Outdoor Insect Control - Bifenthrin Concentrate (32 Ounce) by Atticus</p><p>$27.99</p><a href="https://www.amazon.com/dp/B0C1Q39Q9R?tag=eloabder-20&linkCode=osi&th=1&psc=1">View Product</a></div><div class="product"><a href="https://www.amazon.com/dp/B0C83WSDGV?tag=eloabder-20&linkCode=osi&th=1&psc=1"><img src="https://m.media-amazon.com/images/I/41nc5OmDkcL._SL500_.jpg" alt="Product Image"></a><p>Talak 7.9% Indoor/Outdoor Insect Control - Bifenthrin Concentrate (1 GAL) by Atticus</p><p>$56.99</p><a href="https://www.amazon.com/dp/B0C83WSDGV?tag=eloabder-20&linkCode=osi&th=1&psc=1">View Product</a></div><div class="product"><a href="https://www.amazon.com/dp/B00555SR9Q?tag=eloabder-20&linkCode=osi&th=1&psc=1"><img src="https://m.media-amazon.com/images/I/419E9atuhzL._SL500_.jpg" alt="Product Image"></a><p>Syngenta 070294125000 Demon Max Insecticide, Yellowish</p><p>$33.95</p><a href="https://www.amazon.com/dp/B00555SR9Q?tag=eloabder-20&linkCode=osi&th=1&psc=1">View Product</a></div><div class="product"><a href="https://www.amazon.com/dp/B002Y6BC1O?tag=eloabder-20&linkCode=osi&th=1&psc=1"><img src="https://m.media-amazon.com/images/I/41MxLEq25RL._SL500_.jpg" alt="Product Image"></a><p>Syngenta 73654 Demand CS Insecticide, 8oz, Beige</p><p>$39.05</p><a href="https://www.amazon.com/dp/B002Y6BC1O?tag=eloabder-20&linkCode=osi&th=1&psc=1">View Product</a></div><div class="product"><a href="https://www.amazon.com/dp/B0CR1R792Q?tag=eloabder-20&linkCode=osi&th=1&psc=1"><img src="https://m.media-amazon.com/images/I/31XVwzdlQoL._SL500_.jpg" alt="Product Image"></a><p>Tirade Ultra SC Insecticide by Atticus - Compare to The Leading Brand - Beta-Cyfluthrin Pest Control for Indoor and Outdoor Use (240 ML)</p><p>$44.99</p><a href="https://www.amazon.com/dp/B0CR1R792Q?tag=eloabder-20&linkCode=osi&th=1&psc=1">View Product</a></div><div class="product"><a href="https://www.amazon.com/dp/B00FN3P8LU?tag=eloabder-20&linkCode=osi&th=1&psc=1"><img src="https://m.media-amazon.com/images/I/41c9oWdbOpL._SL500_.jpg" alt="Product Image"></a><p>Spectracide Concentrate Triazicide Lawn & Landscapes Insect Killer, 40 oz, Black</p><p>$8.98 ($0.22 / Fl Oz)</p><a href="https://www.amazon.com/dp/B00FN3P8LU?tag=eloabder-20&linkCode=osi&th=1&psc=1">View Product</a></div><div class="product"><a href="https://www.amazon.com/dp/B07RLS91C9?tag=eloabder-20&linkCode=osi&th=1&psc=1"><img src="https://m.media-amazon.com/images/I/41LdMyqibdL._SL500_.jpg" alt="Product Image"></a><p>Bayer 80035225 Polyzone Suspend Pint Insecticide 16_ounce</p><p>$58.49</p><a href="https://www.amazon.com/dp/B07RLS91C9?tag=eloabder-20&linkCode=osi&th=1&psc=1">View Product</a></div>
<div class="product"><a href="https://www.amazon.com/dp/B06XGL8R89?tag=eloabder-20&linkCode=osi&th=1&psc=1"><img src="https://m.media-amazon.com/images/I/412LuMRZ5EL._SL500_.jpg" alt="Product Image"></a><p>Trapper Max Glue Traps 12 Glue Boards Trap Mouse Bugs Insects Bed Bugs Spiders Cockroaches Non-Toxic</p><p>$9.25 ($0.77 / Count)</p><a href="https://www.amazon.com/dp/B06XGL8R89?tag=eloabder-20&linkCode=osi&th=1&psc=1">View Product</a></div><div class="product"><a href="https://www.amazon.com/dp/B003ORTFH0?tag=eloabder-20&linkCode=osi&th=1&psc=1"><img src="https://m.media-amazon.com/images/I/31c-Ziw55xL._SL500_.jpg" alt="Product Image"></a><p>Max Catch 72 Pack Professional Strength - Mouse, Rat & Pest Glue Scented Sticky Trap for Rodents and Insects - Ready to Use Indoors - Non Toxic, No Mess, Easy Cleanup Mice Trap by Catchmaster</p><p>$26.99 ($0.37 / Count)</p><a href="https://www.amazon.com/dp/B003ORTFH0?tag=eloabder-20&linkCode=osi&th=1&psc=1">View Product</a></div><div class="product"><a href="https://www.amazon.com/dp/B00LW21RNY?tag=eloabder-20&linkCode=osi&th=1&psc=1"><img src="https://m.media-amazon.com/images/I/4123fr-WvoL._SL500_.jpg" alt="Product Image"></a><p>Catchmaster Spider & Insect Glue Traps 30-Pk (10 Sheets), Adhesive Cockroach Killer Glue Boards, Spider Traps, Cricket Sticky Traps, Indoor Roach Trap for Home, Garage & Shed, Pet Safe Pest Control</p><p>$13.98 ($0.47 / Count)</p><a href="https://www.amazon.com/dp/B00LW21RNY?tag=eloabder-20&linkCode=osi&th=1&psc=1">View Product</a></div><div class="product"><a href="https://www.amazon.com/dp/B005IMZ9K6?tag=eloabder-20&linkCode=osi&th=1&psc=1"><img src="https://m.media-amazon.com/images/I/51puixq5EOL._SL500_.jpg" alt="Product Image"></a><p>Catchmaster Pro Strength Mouse & Insect Glue Boards 60pk Traps Indoor for Home, Adhesive Bug Catcher, Rat & Rodent Sticky Trap, Non Toxic Bulk Pre-Baited Glue Traps, Pet Safe House Pest Control</p><p>$23.05 ($0.38 / Count)</p><a href="https://www.amazon.com/dp/B005IMZ9K6?tag=eloabder-20&linkCode=osi&th=1&psc=1">View Product</a></div><div class="product"><a href="https://www.amazon.com/dp/B07Q697VZK?tag=eloabder-20&linkCode=osi&th=1&psc=1"><img src="https://m.media-amazon.com/images/I/51jPZpEiKAL._SL500_.jpg" alt="Product Image"></a><p>TERRO T3206SR Non-Toxic Indoor Spider, Ant, Cockroach, Centipede, and Crawling Insect Trap - 12 Traps</p><p>$12.62 ($1.05 / Count)</p><a href="https://www.amazon.com/dp/B07Q697VZK?tag=eloabder-20&linkCode=osi&th=1&psc=1">View Product</a></div><div class="product"><a href="https://www.amazon.com/dp/B005IMZ9TC?tag=eloabder-20&linkCode=osi&th=1&psc=1"><img src="https://m.media-amazon.com/images/I/510w06crpTL._SL500_.jpg" alt="Product Image"></a><p>Catchmaster Mouse and Insect Glue Boards, 75-Pack Mouse Traps Indoor for Home, Sticky Pest Control Adhesive for Catching Bugs, Rats & Rodents, Non Toxic Bulk Glue Traps</p><p>$29.98 ($0.40 / Count)</p><a href="https://www.amazon.com/dp/B005IMZ9TC?tag=eloabder-20&linkCode=osi&th=1&psc=1">View Product</a></div><div class="product"><a href="https://www.amazon.com/dp/B00CQ561GY?tag=eloabder-20&linkCode=osi&th=1&psc=1"><img src="https://m.media-amazon.com/images/I/517JUYwBTML._SL500_.jpg" alt="Product Image"></a><p>Catchmaster Killer Pest Control Heavy Duty Glue Trap. Non Toxic Sticky Trap Captures Pests. Ready to Use Packs. Easy to Deploy & Place. (12 Traps, Insect Trap)</p><p>$8.87 ($0.74 / Count)</p><a href="https://www.amazon.com/dp/B00CQ561GY?tag=eloabder-20&linkCode=osi&th=1&psc=1">View Product</a></div><div class="product"><a href="https://www.amazon.com/dp/B083FJZC3M?tag=eloabder-20&linkCode=osi&th=1&psc=1"><img src="https://m.media-amazon.com/images/I/51JWsuE-m+L._SL500_.jpg" alt="Product Image"></a><p>S&T INC. Insect Traps, Brown Recluse, Hobo Spiders, Black Widows, White, 30 Count</p><p>$11.99 ($0.40 / Count)</p><a href="https://www.amazon.com/dp/B083FJZC3M?tag=eloabder-20&linkCode=osi&th=1&psc=1">View Product</a></div><div class="product"><a href="https://www.amazon.com/dp/B00CEEDFS4?tag=eloabder-20&linkCode=osi&th=1&psc=1"><img src="https://m.media-amazon.com/images/I/418YR7Th0dL._SL500_.jpg" alt="Product Image"></a><p>Catchmaster Rat & Mouse Glue Traps 6Pk, Large Bulk Traps, Indoor for Home, Pre-Scented Adhesive Plastic Tray Inside House, Snake, Mice, Spider Pet Safe Pest Control</p><p>$14.38 ($2.40 / Count)</p><a href="https://www.amazon.com/dp/B00CEEDFS4?tag=eloabder-20&linkCode=osi&th=1&psc=1">View Product</a></div><div class="product"><a href="https://www.amazon.com/dp/B0BBRDPFF4?tag=eloabder-20&linkCode=osi&th=1&psc=1"><img src="https://m.media-amazon.com/images/I/61FVxhCy9WL._SL500_.jpg" alt="Product Image"></a><p>Roach Traps Indoor Sticky (18 Pack) - Glue Traps for Roaches Bug Traps with Roach Bait Traps - Long Lasting Non-Toxic Children and Pet Friendly - Trap a Pest</p><p>$9.88 ($0.55 / Count)</p><a href="https://www.amazon.com/dp/B0BBRDPFF4?tag=eloabder-20&linkCode=osi&th=1&psc=1">View Product</a></div>


<div class="product"><a href="https://www.amazon.com/dp/B001D0Y9RG?tag=eloabder-20&linkCode=osi&th=1&psc=1"><img src="https://m.media-amazon.com/images/I/41lQfHTmZVL._SL500_.jpg" alt="Product Image"></a><p>API POND ACCU-CLEAR Pond Water Clarifier 32-Ounce Bottle</p><p>$21.06</p><a href="https://www.amazon.com/dp/B001D0Y9RG?tag=eloabder-20&linkCode=osi&th=1&psc=1">View Product</a></div>

<div class="product"><a href="https://www.amazon.com/dp/B09JSRRXDY?tag=eloabder-20&linkCode=osi&th=1&psc=1"><img src="https://m.media-amazon.com/images/I/51fPlDsp-HL._SL500_.jpg" alt="Product Image"></a><p>Herb Grow Kit, 10 Herb Seeds DIY Garden Starter Kit, Complete Potted Plant Growing Set Including White Pots, Markers, Nutritional Soil, Watering, Clipper for Kitchen Herb</p><p>$29.99</p><a href="https://www.amazon.com/dp/B09JSRRXDY?tag=eloabder-20&linkCode=osi&th=1&psc=1">View Product</a></div>


<div class="product"><a href="https://www.amazon.com/dp/B0D1DS71NK?tag=eloabder-20&linkCode=osi&th=1&psc=1"><img src="https://m.media-amazon.com/images/I/51tRPKXL0bL._SL500_.jpg" alt="Product Image"></a><p>Hortiway 11lbs Premium Coco Coir Brick -100% Organic Coconut Coir for for Plants, Low EC & pH Balance, Natural Compressed Growing Medium, Coconut Core for Gardening Planting & Potting Soil Substrate</p><p>$19.99 ($0.11 / Ounce)</p><a href="https://www.amazon.com/dp/B0D1DS71NK?tag=eloabder-20&linkCode=osi&th=1&psc=1">View Product</a></div>
<div class="product"><a href="https://www.amazon.com/dp/B09VSYBKKL?tag=eloabder-20&linkCode=osi&th=1&psc=1"><img src="https://m.media-amazon.com/images/I/51BFwHymBEL._SL500_.jpg" alt="Product Image"></a><p>12PCS Purple Shamrocks Bulbs Good Luck Plant, Purple Oxalis Bulbs for Planting Grows Indoor or Outdoor, Oxalis Triangularis Bulbs The Novice Gardener's Choice</p><p>$8.99 ($0.75 / Count)</p><a href="https://www.amazon.com/dp/B09VSYBKKL?tag=eloabder-20&linkCode=osi&th=1&psc=1">View Product</a></div>

<div class="product"><a href="https://www.amazon.com/dp/B0CSKFXS7X?tag=eloabder-20&linkCode=osi&th=1&psc=1"><img src="https://m.media-amazon.com/images/I/41PFDmYyHqL._SL500_.jpg" alt="Product Image"></a><p>Bug Catcher 4 Pack Bug Insect Catcher Bug Catching Tool for Kids & Adults Bug Grabber Contactless Quick Release Spider Grabber Trap for Nature Exploration (White+Orange+Blue+Green)</p><p>$34.99 ($17.50 / Count)</p><a href="https://www.amazon.com/dp/B0CSKFXS7X?tag=eloabder-20&linkCode=osi&th=1&psc=1">View Product</a></div>
<div class="product"><a href="https://www.amazon.com/dp/B0C9THKCWY?tag=eloabder-20&linkCode=osi&th=1&psc=1"><img src="https://m.media-amazon.com/images/I/51snFb6uXdL._SL500_.jpg" alt="Product Image"></a><p>MEKER Fire Color Changing Packets - Fire Pit, Campfires, Outdoor Fireplaces, Bonfire - Magic Colorful Changing Fire - Perfect Fire Camping Accessories for Kids & Adults (12 Pack)</p><p>$8.97</p><a href="https://www.amazon.com/dp/B0C9THKCWY?tag=eloabder-20&linkCode=osi&th=1&psc=1">View Product</a></div>



<div class="product"><a href="https://www.amazon.com/dp/B0BZBTV7FM?tag=eloabder-20&linkCode=osi&th=1&psc=1"><img src="https://m.media-amazon.com/images/I/41rGR7+6sHL._SL500_.jpg" alt="Product Image"></a><p>Fly Fans for Tables, Fly Fan Indoor Outdoor with Holographic Blades, Batteries Powered Fly Fans Outdoor for Picnic, Party, Restaurant, Kitchen, and BBQ, 4 Pack</p><p>$29.99 ($7.50 / Count)</p><a href="https://www.amazon.com/dp/B0BZBTV7FM?tag=eloabder-20&linkCode=osi&th=1&psc=1">View Product</a></div>
<div class="product"><a href="https://www.amazon.com/dp/B01N6706BP?tag=eloabder-20&linkCode=osi&th=1&psc=1"><img src="https://m.media-amazon.com/images/I/51RI47QQRVL._SL500_.jpg" alt="Product Image"></a><p>Gardzen 3-Pack 72 Gallons Garden Bag - Reuseable Heavy Duty Gardening Bags, Lawn Pool Garden Leaf Waste Bag</p><p>$22.99 ($7.66 / Count)</p><a href="https://www.amazon.com/dp/B01N6706BP?tag=eloabder-20&linkCode=osi&th=1&psc=1">View Product</a></div><div class="product"><a href="https://www.amazon.com/dp/B07BR52P26?tag=eloabder-20&linkCode=osi&th=1&psc=1"><img src="https://m.media-amazon.com/images/I/41TsWY51fbL._SL500_.jpg" alt="Product Image"></a><p>SONKIR Soil pH Meter, MS02 3-in-1 Soil Moisture/Light/pH Tester Gardening Tool Kits for Plant Care, Great for Garden, Lawn, Farm, Indoor & Outdoor Use (Green)</p><p>$9.99</p><a href="https://www.amazon.com/dp/B07BR52P26?tag=eloabder-20&linkCode=osi&th=1&psc=1">View Product</a></div>
<div class="product"><a href="https://www.amazon.com/dp/B09S7YL4QV?tag=eloabder-20&linkCode=osi&th=1&psc=1"><img src="https://m.media-amazon.com/images/I/51eFJ8Uv1xL._SL500_.jpg" alt="Product Image"></a><p>Burpee SuperSeed Seed Starting Tray | 36 Cell Reusable Seed Starter Tray | for Starting Vegetable, Flower & Herb Seeds | Indoor Grow Kit for Plant Seedlings | for Germination Success</p><p>$11.97</p><a href="https://www.amazon.com/dp/B09S7YL4QV?tag=eloabder-20&linkCode=osi&th=1&psc=1">View Product</a></div><div class="product"><a href="https://www.amazon.com/dp/B01MU394JM?tag=eloabder-20&linkCode=osi&th=1&psc=1"><img src="https://m.media-amazon.com/images/I/517TE2AFBZL._SL500_.jpg" alt="Product Image"></a><p>Miracle-Gro Shake 'N Feed Tomato, Fruit & Vegetable Plant Food, 1 lb.</p><p>$8.08 ($0.50 / Ounce)</p><a href="https://www.amazon.com/dp/B01MU394JM?tag=eloabder-20&linkCode=osi&th=1&psc=1">View Product</a></div>
<div class="product"><a href="https://www.amazon.com/dp/B09SV8J649?tag=eloabder-20&linkCode=osi&th=1&psc=1"><img src="https://m.media-amazon.com/images/I/51G3IdGm9mL._SL500_.jpg" alt="Product Image"></a><p>Miracle-Gro Women's Nitrile Coated Grip Floral Pattern Gardening Work Gloves, Extreme Comfort, Excellent Grip, Water Resistant, Pink/Purple, Small, (MG37126/WSM)</p><p>$5.99</p><a href="https://www.amazon.com/dp/B09SV8J649?tag=eloabder-20&linkCode=osi&th=1&psc=1">View Product</a></div><div class="product"><a href="https://www.amazon.com/dp/B0BHZXPXW9?tag=eloabder-20&linkCode=osi&th=1&psc=1"><img src="https://m.media-amazon.com/images/I/51gioz5VnSL._SL500_.jpg" alt="Product Image"></a><p>MSUPSAV Gardening Gloves for Gardening,Synthetic Leather Garden Gloves,Work Gloves with Touch Screen,Best Gifts for Women,Green, Medium</p><p>$11.99</p><a href="https://www.amazon.com/dp/B0BHZXPXW9?tag=eloabder-20&linkCode=osi&th=1&psc=1">View Product</a></div><div class="product"><a href="https://www.amazon.com/dp/B0B5RFV1BK?tag=eloabder-20&linkCode=osi&th=1&psc=1"><img src="https://m.media-amazon.com/images/I/51bX+IeFx+L._SL500_.jpg" alt="Product Image"></a><p>MSUPSAV Genuine Leather Gardening Gloves,Thornproof & Puncture Resistant Garden Gloves,Gardening Gloves for Women,Long Garden Gloves,Rose Gloves,Garden Gifts(Small, Tuilp)</p><p>$15.99</p><a href="https://www.amazon.com/dp/B0B5RFV1BK?tag=eloabder-20&linkCode=osi&th=1&psc=1">View Product</a></div>
<div class="product"><a href="https://www.amazon.com/dp/B0D149L1VC?tag=eloabder-20&linkCode=osi&th=1&psc=1"><img src="https://m.media-amazon.com/images/I/41RVIeji+QL._SL500_.jpg" alt="Product Image"></a><p>HLDD HANDLANDY Gardening Gloves Long Sleeve for Women and Men Leather Garden Gloves for Yard & Outdoor Work, Golden Yellow, XL</p><p>$15.98</p><a href="https://www.amazon.com/dp/B0D149L1VC?tag=eloabder-20&linkCode=osi&th=1&psc=1">View Product</a></div>























































<div class="product"><a href="https://www.amazon.com/dp/B0071E1YJO?tag=eloabder-20&linkCode=osi&th=1&psc=1"><img src="https://m.media-amazon.com/images/I/41uUMfglltL._SL500_.jpg" alt="Product Image"></a><p>Miracle-Gro Leaf Shine, 8-Ounce Green</p><p>$8.48 ($1.06 / Fl Oz)</p><a href="https://www.amazon.com/dp/B0071E1YJO?tag=eloabder-20&linkCode=osi&th=1&psc=1">View Product</a></div><div class="product"><a href="https://www.amazon.com/dp/B08B5VSV97?tag=eloabder-20&linkCode=osi&th=1&psc=1"><img src="https://m.media-amazon.com/images/I/51EIcCei5HL._SL500_.jpg" alt="Product Image"></a><p>40 Pack Fungus Gnat Traps for House Indoor Yellow Sticky Traps for Gnats Sticky Traps for Plants, Dual-Sided Fungus Gnat Sticky Traps Fruit Fly Traps for Indoors</p><p>$7.99 ($0.20 / Count)</p><a href="https://www.amazon.com/dp/B08B5VSV97?tag=eloabder-20&linkCode=osi&th=1&psc=1">View Product</a></div><div class="product"><a href="https://www.amazon.com/dp/B000BX1HKI?tag=eloabder-20&linkCode=osi&th=1&psc=1"><img src="https://m.media-amazon.com/images/I/41prxVwQnWL._SL500_.jpg" alt="Product Image"></a><p>Bonide Systemic Houseplant Insect Control, 8 oz Ready-to-Use Granules for Indoors and Outdoors, Protects Plants from Insects</p><p>$9.59</p><a href="https://www.amazon.com/dp/B000BX1HKI?tag=eloabder-20&linkCode=osi&th=1&psc=1">View Product</a></div><div class="product"><a href="https://www.amazon.com/dp/B0042YYVYG?tag=eloabder-20&linkCode=osi&th=1&psc=1"><img src="https://m.media-amazon.com/images/I/41I2Q7llZsL._SL500_.jpg" alt="Product Image"></a><p>Miracle-Gro Water Storing Crystals, Helps Prevent Over and Underwatering in Outdoor and Indoor Plants, 12 oz.</p><p>$12.47 ($1.04 / Ounce)</p><a href="https://www.amazon.com/dp/B0042YYVYG?tag=eloabder-20&linkCode=osi&th=1&psc=1">View Product</a></div>

<div class="product"><a href="https://www.amazon.com/dp/B01N4GLFK8?tag=eloabder-20&linkCode=osi&th=1&psc=1"><img src="https://m.media-amazon.com/images/I/41fBBp7X+-L._SL500_.jpg" alt="Product Image"></a><p>Miracle-Gro Shake 'N Feed All Purpose Plant Food, 4.5 lbs, Covers up to 180 sq. ft.</p><p>$15.59 ($0.22 / Ounce)</p><a href="https://www.amazon.com/dp/B01N4GLFK8?tag=eloabder-20&linkCode=osi&th=1&psc=1">View Product</a></div><div class="product"><a href="https://www.amazon.com/dp/B0B9ZNJSPM?tag=eloabder-20&linkCode=osi&th=1&psc=1"><img src="https://m.media-amazon.com/images/I/41DukAXydjL._SL500_.jpg" alt="Product Image"></a><p>Southern Ag All Purpose Granular Fertilizer 10-10-10, 5 LB Size: 5 LB</p><p>$19.49 ($0.24 / Ounce)</p><a href="https://www.amazon.com/dp/B0B9ZNJSPM?tag=eloabder-20&linkCode=osi&th=1&psc=1">View Product</a></div><div class="product"><a href="https://www.amazon.com/dp/B000OWF7YI?tag=eloabder-20&linkCode=osi&th=1&psc=1"><img src="https://m.media-amazon.com/images/I/41XbL-vFMOS._SL500_.jpg" alt="Product Image"></a><p>Miracle-Gro Water Soluble All Purpose Plant Food, Fertilizer for Indoor or Outdoor Flowers, Vegetables or Trees, 10 lbs.</p><p>$31.97 ($0.20 / Ounce)</p><a href="https://www.amazon.com/dp/B000OWF7YI?tag=eloabder-20&linkCode=osi&th=1&psc=1">View Product</a></div><div class="product"><a href="https://www.amazon.com/dp/B00GTDGMHC?tag=eloabder-20&linkCode=osi&th=1&psc=1"><img src="https://m.media-amazon.com/images/I/51IUnCYh7WL._SL500_.jpg" alt="Product Image"></a><p>Osmocote Smart-Release Plant Food Plus Outdoor & Indoor, 8 lb.</p><p>$34.99 ($0.27 / Ounce)</p><a href="https://www.amazon.com/dp/B00GTDGMHC?tag=eloabder-20&linkCode=osi&th=1&psc=1">View Product</a></div><div class="product"><a href="https://www.amazon.com/dp/B000RNCKQ2?tag=eloabder-20&linkCode=osi&th=1&psc=1"><img src="https://m.media-amazon.com/images/I/41LZGPjfZqL._SL500_.jpg" alt="Product Image"></a><p>Miracle-Gro Pour & Feed Plant Food, Fertilizer Instantly Feeds Live Plants, For Outdoor & Indoor Plants in Containers, 32 oz.</p><p>$8.59 ($0.27 / Fl Oz)</p><a href="https://www.amazon.com/dp/B000RNCKQ2?tag=eloabder-20&linkCode=osi&th=1&psc=1">View Product</a></div><div class="product"><a href="https://www.amazon.com/dp/B00GTDGWAY?tag=eloabder-20&linkCode=osi&th=1&psc=1"><img src="https://m.media-amazon.com/images/I/41LSzOsNrmL._SL500_.jpg" alt="Product Image"></a><p>Scotts Super Bloom Water Soluble Plant Food, 2 lb - NPK 12-55-6 - Fertilizer for Outdoor Flowers, Fruiting Plants, Containers and Bed Areas - Feeds Plants Instantly</p><p>$13.60 ($0.42 / Ounce)</p><a href="https://www.amazon.com/dp/B00GTDGWAY?tag=eloabder-20&linkCode=osi&th=1&psc=1">View Product</a></div>
<div class="product"><a href="https://www.amazon.com/dp/B0BZJN2R32?tag=eloabder-20&linkCode=osi&th=1&psc=1"><img src="https://m.media-amazon.com/images/I/31VnEDv5y9L._SL500_.jpg" alt="Product Image"></a><p>ENVU - Tempo SC Ultra For Insects - 240ml</p><p>$46.86</p><a href="https://www.amazon.com/dp/B0BZJN2R32?tag=eloabder-20&linkCode=osi&th=1&psc=1">View Product</a></div><div class="product"><a href="https://www.amazon.com/dp/B01N7KSXHX?tag=eloabder-20&linkCode=osi&th=1&psc=1"><img src="https://m.media-amazon.com/images/I/41KRb4CLxyL._SL500_.jpg" alt="Product Image"></a><p>Ortho Home Defense Insect Killer for Indoor & Perimeter2 with Comfort Wand, Controls Ants, Roaches, and Spiders, 1.1 gal., 1 Pack</p><p>$15.99</p><a href="https://www.amazon.com/dp/B01N7KSXHX?tag=eloabder-20&linkCode=osi&th=1&psc=1">View Product</a></div><div class="product"><a href="https://www.amazon.com/dp/B0C1Q39Q9R?tag=eloabder-20&linkCode=osi&th=1&psc=1"><img src="https://m.media-amazon.com/images/I/31JB4VLVutL._SL500_.jpg" alt="Product Image"></a><p>Talak 7.9% Indoor/Outdoor Insect Control - Bifenthrin Concentrate (32 Ounce) by Atticus</p><p>$27.99</p><a href="https://www.amazon.com/dp/B0C1Q39Q9R?tag=eloabder-20&linkCode=osi&th=1&psc=1">View Product</a></div><div class="product"><a href="https://www.amazon.com/dp/B0C83WSDGV?tag=eloabder-20&linkCode=osi&th=1&psc=1"><img src="https://m.media-amazon.com/images/I/41nc5OmDkcL._SL500_.jpg" alt="Product Image"></a><p>Talak 7.9% Indoor/Outdoor Insect Control - Bifenthrin Concentrate (1 GAL) by Atticus</p><p>$56.99</p><a href="https://www.amazon.com/dp/B0C83WSDGV?tag=eloabder-20&linkCode=osi&th=1&psc=1">View Product</a></div><div class="product"><a href="https://www.amazon.com/dp/B00555SR9Q?tag=eloabder-20&linkCode=osi&th=1&psc=1"><img src="https://m.media-amazon.com/images/I/419E9atuhzL._SL500_.jpg" alt="Product Image"></a><p>Syngenta 070294125000 Demon Max Insecticide, Yellowish</p><p>$33.95</p><a href="https://www.amazon.com/dp/B00555SR9Q?tag=eloabder-20&linkCode=osi&th=1&psc=1">View Product</a></div><div class="product"><a href="https://www.amazon.com/dp/B002Y6BC1O?tag=eloabder-20&linkCode=osi&th=1&psc=1"><img src="https://m.media-amazon.com/images/I/41MxLEq25RL._SL500_.jpg" alt="Product Image"></a><p>Syngenta 73654 Demand CS Insecticide, 8oz, Beige</p><p>$39.05</p><a href="https://www.amazon.com/dp/B002Y6BC1O?tag=eloabder-20&linkCode=osi&th=1&psc=1">View Product</a></div><div class="product"><a href="https://www.amazon.com/dp/B0CR1R792Q?tag=eloabder-20&linkCode=osi&th=1&psc=1"><img src="https://m.media-amazon.com/images/I/31XVwzdlQoL._SL500_.jpg" alt="Product Image"></a><p>Tirade Ultra SC Insecticide by Atticus - Compare to The Leading Brand - Beta-Cyfluthrin Pest Control for Indoor and Outdoor Use (240 ML)</p><p>$44.99</p><a href="https://www.amazon.com/dp/B0CR1R792Q?tag=eloabder-20&linkCode=osi&th=1&psc=1">View Product</a></div><div class="product"><a href="https://www.amazon.com/dp/B00FN3P8LU?tag=eloabder-20&linkCode=osi&th=1&psc=1"><img src="https://m.media-amazon.com/images/I/41c9oWdbOpL._SL500_.jpg" alt="Product Image"></a><p>Spectracide Concentrate Triazicide Lawn & Landscapes Insect Killer, 40 oz, Black</p><p>$8.98 ($0.22 / Fl Oz)</p><a href="https://www.amazon.com/dp/B00FN3P8LU?tag=eloabder-20&linkCode=osi&th=1&psc=1">View Product</a></div><div class="product"><a href="https://www.amazon.com/dp/B07RLS91C9?tag=eloabder-20&linkCode=osi&th=1&psc=1"><img src="https://m.media-amazon.com/images/I/41LdMyqibdL._SL500_.jpg" alt="Product Image"></a><p>Bayer 80035225 Polyzone Suspend Pint Insecticide 16_ounce</p><p>$58.49</p><a href="https://www.amazon.com/dp/B07RLS91C9?tag=eloabder-20&linkCode=osi&th=1&psc=1">View Product</a></div>
<div class="product"><a href="https://www.amazon.com/dp/B06XGL8R89?tag=eloabder-20&linkCode=osi&th=1&psc=1"><img src="https://m.media-amazon.com/images/I/412LuMRZ5EL._SL500_.jpg" alt="Product Image"></a><p>Trapper Max Glue Traps 12 Glue Boards Trap Mouse Bugs Insects Bed Bugs Spiders Cockroaches Non-Toxic</p><p>$9.25 ($0.77 / Count)</p><a href="https://www.amazon.com/dp/B06XGL8R89?tag=eloabder-20&linkCode=osi&th=1&psc=1">View Product</a></div><div class="product"><a href="https://www.amazon.com/dp/B003ORTFH0?tag=eloabder-20&linkCode=osi&th=1&psc=1"><img src="https://m.media-amazon.com/images/I/31c-Ziw55xL._SL500_.jpg" alt="Product Image"></a><p>Max Catch 72 Pack Professional Strength - Mouse, Rat & Pest Glue Scented Sticky Trap for Rodents and Insects - Ready to Use Indoors - Non Toxic, No Mess, Easy Cleanup Mice Trap by Catchmaster</p><p>$26.99 ($0.37 / Count)</p><a href="https://www.amazon.com/dp/B003ORTFH0?tag=eloabder-20&linkCode=osi&th=1&psc=1">View Product</a></div><div class="product"><a href="https://www.amazon.com/dp/B00LW21RNY?tag=eloabder-20&linkCode=osi&th=1&psc=1"><img src="https://m.media-amazon.com/images/I/4123fr-WvoL._SL500_.jpg" alt="Product Image"></a><p>Catchmaster Spider & Insect Glue Traps 30-Pk (10 Sheets), Adhesive Cockroach Killer Glue Boards, Spider Traps, Cricket Sticky Traps, Indoor Roach Trap for Home, Garage & Shed, Pet Safe Pest Control</p><p>$13.98 ($0.47 / Count)</p><a href="https://www.amazon.com/dp/B00LW21RNY?tag=eloabder-20&linkCode=osi&th=1&psc=1">View Product</a></div><div class="product"><a href="https://www.amazon.com/dp/B005IMZ9K6?tag=eloabder-20&linkCode=osi&th=1&psc=1"><img src="https://m.media-amazon.com/images/I/51puixq5EOL._SL500_.jpg" alt="Product Image"></a><p>Catchmaster Pro Strength Mouse & Insect Glue Boards 60pk Traps Indoor for Home, Adhesive Bug Catcher, Rat & Rodent Sticky Trap, Non Toxic Bulk Pre-Baited Glue Traps, Pet Safe House Pest Control</p><p>$23.05 ($0.38 / Count)</p><a href="https://www.amazon.com/dp/B005IMZ9K6?tag=eloabder-20&linkCode=osi&th=1&psc=1">View Product</a></div><div class="product"><a href="https://www.amazon.com/dp/B07Q697VZK?tag=eloabder-20&linkCode=osi&th=1&psc=1"><img src="https://m.media-amazon.com/images/I/51jPZpEiKAL._SL500_.jpg" alt="Product Image"></a><p>TERRO T3206SR Non-Toxic Indoor Spider, Ant, Cockroach, Centipede, and Crawling Insect Trap - 12 Traps</p><p>$12.62 ($1.05 / Count)</p><a href="https://www.amazon.com/dp/B07Q697VZK?tag=eloabder-20&linkCode=osi&th=1&psc=1">View Product</a></div><div class="product"><a href="https://www.amazon.com/dp/B005IMZ9TC?tag=eloabder-20&linkCode=osi&th=1&psc=1"><img src="https://m.media-amazon.com/images/I/510w06crpTL._SL500_.jpg" alt="Product Image"></a><p>Catchmaster Mouse and Insect Glue Boards, 75-Pack Mouse Traps Indoor for Home, Sticky Pest Control Adhesive for Catching Bugs, Rats & Rodents, Non Toxic Bulk Glue Traps</p><p>$29.98 ($0.40 / Count)</p><a href="https://www.amazon.com/dp/B005IMZ9TC?tag=eloabder-20&linkCode=osi&th=1&psc=1">View Product</a></div><div class="product"><a href="https://www.amazon.com/dp/B00CQ561GY?tag=eloabder-20&linkCode=osi&th=1&psc=1"><img src="https://m.media-amazon.com/images/I/517JUYwBTML._SL500_.jpg" alt="Product Image"></a><p>Catchmaster Killer Pest Control Heavy Duty Glue Trap. Non Toxic Sticky Trap Captures Pests. Ready to Use Packs. Easy to Deploy & Place. (12 Traps, Insect Trap)</p><p>$8.87 ($0.74 / Count)</p><a href="https://www.amazon.com/dp/B00CQ561GY?tag=eloabder-20&linkCode=osi&th=1&psc=1">View Product</a></div><div class="product"><a href="https://www.amazon.com/dp/B083FJZC3M?tag=eloabder-20&linkCode=osi&th=1&psc=1"><img src="https://m.media-amazon.com/images/I/51JWsuE-m+L._SL500_.jpg" alt="Product Image"></a><p>S&T INC. Insect Traps, Brown Recluse, Hobo Spiders, Black Widows, White, 30 Count</p><p>$11.99 ($0.40 / Count)</p><a href="https://www.amazon.com/dp/B083FJZC3M?tag=eloabder-20&linkCode=osi&th=1&psc=1">View Product</a></div><div class="product"><a href="https://www.amazon.com/dp/B00CEEDFS4?tag=eloabder-20&linkCode=osi&th=1&psc=1"><img src="https://m.media-amazon.com/images/I/418YR7Th0dL._SL500_.jpg" alt="Product Image"></a><p>Catchmaster Rat & Mouse Glue Traps 6Pk, Large Bulk Traps, Indoor for Home, Pre-Scented Adhesive Plastic Tray Inside House, Snake, Mice, Spider Pet Safe Pest Control</p><p>$14.38 ($2.40 / Count)</p><a href="https://www.amazon.com/dp/B00CEEDFS4?tag=eloabder-20&linkCode=osi&th=1&psc=1">View Product</a></div><div class="product"><a href="https://www.amazon.com/dp/B0BBRDPFF4?tag=eloabder-20&linkCode=osi&th=1&psc=1"><img src="https://m.media-amazon.com/images/I/61FVxhCy9WL._SL500_.jpg" alt="Product Image"></a><p>Roach Traps Indoor Sticky (18 Pack) - Glue Traps for Roaches Bug Traps with Roach Bait Traps - Long Lasting Non-Toxic Children and Pet Friendly - Trap a Pest</p><p>$9.88 ($0.55 / Count)</p><a href="https://www.amazon.com/dp/B0BBRDPFF4?tag=eloabder-20&linkCode=osi&th=1&psc=1">View Product</a></div>


<div class="product"><a href="https://www.amazon.com/dp/B001D0Y9RG?tag=eloabder-20&linkCode=osi&th=1&psc=1"><img src="https://m.media-amazon.com/images/I/41lQfHTmZVL._SL500_.jpg" alt="Product Image"></a><p>API POND ACCU-CLEAR Pond Water Clarifier 32-Ounce Bottle</p><p>$21.06</p><a href="https://www.amazon.com/dp/B001D0Y9RG?tag=eloabder-20&linkCode=osi&th=1&psc=1">View Product</a></div>

<div class="product"><a href="https://www.amazon.com/dp/B09JSRRXDY?tag=eloabder-20&linkCode=osi&th=1&psc=1"><img src="https://m.media-amazon.com/images/I/51fPlDsp-HL._SL500_.jpg" alt="Product Image"></a><p>Herb Grow Kit, 10 Herb Seeds DIY Garden Starter Kit, Complete Potted Plant Growing Set Including White Pots, Markers, Nutritional Soil, Watering, Clipper for Kitchen Herb</p><p>$29.99</p><a href="https://www.amazon.com/dp/B09JSRRXDY?tag=eloabder-20&linkCode=osi&th=1&psc=1">View Product</a></div>


<div class="product"><a href="https://www.amazon.com/dp/B0D1DS71NK?tag=eloabder-20&linkCode=osi&th=1&psc=1"><img src="https://m.media-amazon.com/images/I/51tRPKXL0bL._SL500_.jpg" alt="Product Image"></a><p>Hortiway 11lbs Premium Coco Coir Brick -100% Organic Coconut Coir for for Plants, Low EC & pH Balance, Natural Compressed Growing Medium, Coconut Core for Gardening Planting & Potting Soil Substrate</p><p>$19.99 ($0.11 / Ounce)</p><a href="https://www.amazon.com/dp/B0D1DS71NK?tag=eloabder-20&linkCode=osi&th=1&psc=1">View Product</a></div>
<div class="product"><a href="https://www.amazon.com/dp/B09VSYBKKL?tag=eloabder-20&linkCode=osi&th=1&psc=1"><img src="https://m.media-amazon.com/images/I/51BFwHymBEL._SL500_.jpg" alt="Product Image"></a><p>12PCS Purple Shamrocks Bulbs Good Luck Plant, Purple Oxalis Bulbs for Planting Grows Indoor or Outdoor, Oxalis Triangularis Bulbs The Novice Gardener's Choice</p><p>$8.99 ($0.75 / Count)</p><a href="https://www.amazon.com/dp/B09VSYBKKL?tag=eloabder-20&linkCode=osi&th=1&psc=1">View Product</a></div>

<div class="product"><a href="https://www.amazon.com/dp/B0CSKFXS7X?tag=eloabder-20&linkCode=osi&th=1&psc=1"><img src="https://m.media-amazon.com/images/I/41PFDmYyHqL._SL500_.jpg" alt="Product Image"></a><p>Bug Catcher 4 Pack Bug Insect Catcher Bug Catching Tool for Kids & Adults Bug Grabber Contactless Quick Release Spider Grabber Trap for Nature Exploration (White+Orange+Blue+Green)</p><p>$34.99 ($17.50 / Count)</p><a href="https://www.amazon.com/dp/B0CSKFXS7X?tag=eloabder-20&linkCode=osi&th=1&psc=1">View Product</a></div>
<div class="product"><a href="https://www.amazon.com/dp/B0C9THKCWY?tag=eloabder-20&linkCode=osi&th=1&psc=1"><img src="https://m.media-amazon.com/images/I/51snFb6uXdL._SL500_.jpg" alt="Product Image"></a><p>MEKER Fire Color Changing Packets - Fire Pit, Campfires, Outdoor Fireplaces, Bonfire - Magic Colorful Changing Fire - Perfect Fire Camping Accessories for Kids & Adults (12 Pack)</p><p>$8.97</p><a href="https://www.amazon.com/dp/B0C9THKCWY?tag=eloabder-20&linkCode=osi&th=1&psc=1">View Product</a></div>

<div class="product"><a href="https://www.amazon.com/dp/B07YNTYCXQ?tag=eloabder-20&linkCode=osi&th=1&psc=1"><img src="https://m.media-amazon.com/images/I/41h90AwaQHL._SL500_.jpg" alt="Product Image"></a><p>Penterra Soil Penetrant and Wetting Agent  Promotes Water Movement and Root Absorption to Deter Erosion and Improve Nutrient Uptake for Hardier Landscaping and Water Conservation</p><p>$41.50 ($1.30 / Fl Oz)</p><a href="https://www.amazon.com/dp/B07YNTYCXQ?tag=eloabder-20&linkCode=osi&th=1&psc=1">View Product</a></div><div class="product"><a href="https://www.amazon.com/dp/B0CPSNQDT1?tag=eloabder-20&linkCode=osi&th=1&psc=1"><img src="https://m.media-amazon.com/images/I/417BXlFxRkL._SL500_.jpg" alt="Product Image"></a><p>Helio Hives Bee Pollen Granules 8.8 Oz - Nature's Superfood, Superior Taste - Western Australia Pure Bee Pollen for Optimal Health</p><p>$27.95 ($3.18 / Ounce)</p><a href="https://www.amazon.com/dp/B0CPSNQDT1?tag=eloabder-20&linkCode=osi&th=1&psc=1">View Product</a></div>
                  </div>
              
                  <!-- Bouton flottant -->
                  <button class="floating-button" onclick="window.location.href='https://www.iasmarket.us'">HOME</button>
                  <div class="pagination">
                      <a href=" ">0</a>
                      <!-- Ajoutez plus de liens si ncessaire -->
                  </div>
                  <script>
                      function updateTime() {
                          const optionsDate = {
                              timeZone: 'America/Los_Angeles',
                              year: 'numeric',
                              month: 'long',
                              day: 'numeric',
                              weekday: 'long'
                          };
                          const optionsTime = {
                              timeZone: 'America/Los_Angeles',
                              hour: '2-digit',
                              minute: '2-digit',
                              second: '2-digit'
                          };
              
                          const now = new Date();
                          const formatterDate = new Intl.DateTimeFormat('en-US', optionsDate);
                          const formatterTime = new Intl.DateTimeFormat('en-US', optionsTime);
              
                          const formattedDate = formatterDate.format(now);
                          const formattedTime = formatterTime.format(now);
              
                          document.getElementById('comment').textContent = "As an AMAZON Associate, I earn from qualifying purchases.";
                          document.getElementById('date').textContent = formattedDate;
                          document.getElementById('time').textContent = formattedTime;
                      }
              
                      updateTime();
                      setInterval(updateTime, 1000);
                  </script>
              </body>
              
              </html>
                      